1889 2863
825 142 853 195 <
885 148 940 190 2,-
972 143 998 197 )

277 202 552 248 moderatam
568 232 582 251 ,
596 198 649 245 δι’
675 216 698 244 a
714 201 882 262 legibus

243 288 249 296 =
279 267 505 309 definitam
535 275 613 319 pro
648 261 767 304 imus
798 275 881 304 usu

277 328 447 371 solvere
464 324 674 366 deberent
699 352 709 364 .
731 322 801 365 Ne
820 337 880 364 er-

274 399 334 445 go
376 383 583 439 discipuli
645 383 880 426 audientes

276 447 520 490 Dominum
552 444 665 497 ipsos
713 443 879 486 adhor-
926 441 1022 485 Im.

276 516 448 550 tantem
461 503 515 544 ad
527 504 881 560 impendendum

275 566 449 611 amicis,
468 561 711 620 &ingratis
731 563 886 606 eadem

274 624 486 668 beneficia
508 653 520 671 ,
552 635 648 677 quae
679 623 881 666 Gentiles

273 686 359 728 suis
377 685 528 726 amicis
548 683 883 738 impendebant,

275 757 417 800 atque
437 743 544 786 adeo
561 743 615 785 ad
634 742 825 786 dandam
839 743 886 784 il-

274 805 330 848 lis
379 815 540 847 mutuo
604 804 842 858 pecuniam
863 833 878 852 ,

270 878 361 920 qua
383 864 658 920 indigerent,
686 865 766 906 sibi
785 876 878 919 per-

272 924 512 967 suaderent
527 954 540 972 ,
592 923 714 977 quod
761 925 878 967 sicut

273 984 478 1028 Gentiles
491 996 670 1025 usuram
693 983 882 1042 legalem

272 1057 426 1088 revera
467 1044 705 1101 exigebant
728 1058 780 1085 ex
814 1058 883 1099 pe-

273 1106 407 1148 cunia
421 1116 581 1145 mutuo
599 1103 700 1145 data
715 1105 883 1152 amicis,

273 1175 456 1222 possent
471 1162 615 1218 &ipsi
638 1163 823 1206 eandem
838 1176 885 1202 u-

273 1238 420 1267 suram
438 1223 628 1282 legalem
643 1226 815 1280 exigere
830 1237 884 1265 ex

274 1286 465 1340 pecunia
487 1292 644 1326 mutuo
666 1284 766 1326 data
804 1285 883 1324 in-

274 1342 480 1401 gratis‚&
495 1344 709 1385 inimicis:
729 1344 782 1385 ad
803 1343 883 1386 tol-

277 1406 456 1448 lendam
483 1404 610 1446 istius
647 1404 799 1446 erroris
814 1415 882 1445 oc-

275 1465 496 1507 casionem
526 1473 626 1518 post
638 1464 772 1505 verba
792 1477 883 1504 mu-

276 1538 403 1567 tuum
438 1525 544 1566 date
565 1552 578 1571 ,
609 1522 685 1565 illa
702 1522 880 1572 adiecit:

278 1584 396 1626 nihil
457 1583 559 1624 inde
615 1595 848 1640 sperantes
871 1613 885 1632 ‚

277 1645 441 1698 quibus
470 1642 616 1684 verbis
646 1644 790 1699 legem
810 1658 885 1685 na-

281 1701 474 1746 turalem
512 1703 665 1745 mutui
686 1704 884 1747 ostendit

274 1760 597 1806 observandam
618 1764 664 1804 in
676 1764 882 1805 omnibus

277 1823 476 1874 casibus;
513 1832 604 1863 non
621 1822 764 1864 solum
778 1836 883 1864 cum

274 1893 489 1925 mutuum
513 1885 642 1931 datur
663 1883 887 1932 fratribus,

275 1943 362 1986 hoc
393 1954 459 1985 est
487 1943 741 1985 hominibus
760 1941 882 1996 ejus-

275 2002 378 2044 dem
415 2001 665 2061 religionis,
701 2004 771 2047 uti
811 2003 882 2045 lex

273 2061 443 2118 Moysis
462 2076 658 2119 expresse
675 2060 765 2117 jam
794 2061 876 2118 ju-

270 2122 441 2172 bebat;
471 2124 549 2165 sed
586 2125 720 2166 etiam
771 2136 877 2165 cum

271 2181 404 2224 datur
426 2184 583 2225 exteris
602 2183 876 2232 hominibus,

264 2240 522 2284 Gentilibus
542 2272 554 2292 ,
592 2239 639 2284 &
671 2243 876 2292 inimicis,

260 2300 371 2354 quia
391 2300 462 2343 lex
479 2300 774 2350 charitatis,&
792 2302 874 2344 fra-

262 2360 489 2403 ternitatis
524 2362 578 2403 ad
608 2373 760 2403 omnes
781 2373 869 2403 om-

264 2420 374 2461 nino
397 2421 597 2463 homines
610 2421 739 2465 nullo
755 2422 872 2463 dem-

264 2490 345 2538 pto
366 2493 411 2523 se
428 2481 701 2529 extendebat
723 2512 734 2533 ,
750 2481 870 2540 quod

950 690 1007 726 26

930 622 1033 666 Res.

1049 201 1110 243 sic
1139 199 1314 259 agendo
1344 202 1420 246 filii
1442 233 1456 252 ‚
1486 199 1655 249 &imi-

1050 271 1212 306 tatores
1232 261 1452 307 Altissimi
1468 265 1623 310 tierent
1641 295 1658 316 ‚

1046 321 1126 376 qui
1155 322 1373 383 benignus
1399 336 1493 368 erat
1527 337 1657 382 super

1047 385 1267 437 ingratos,
1308 382 1355 426 δί
1386 383 1561 430 malos,

1085 441 1216 485 Unde
1238 455 1416 489 constat
1434 445 1658 502 interpre-

1052 503 1272 545 tationem
1311 504 1426 547 hanc
1471 519 1657 557 veram,

1054 560 1100 604 &
1134 565 1378 618 genuinam
1415 568 1538 607 esse?

1108 624 1175 665 Ex
1215 625 1311 678 ipso
1371 625 1655 683 Evangelio,

1041 685 1146 737 quia
1187 683 1278 725 haec
1322 686 1456 727 verba
1494 704 1505 727 :
1550 699 1658 726 mu·-

1049 754 1176 784 tuum
1228 745 1335 785 date
1388 744 1505 786 mhi!
1553 746 1659 787 inde

1049 814 1283 860 sperantes
1303 834 1315 851 ‚
1349 803 1538 860 protulit
1558 805 1657 847 Do-

1044 866 1194 905 minus
1215 864 1260 904 in
1281 876 1498 914 sermone,
1516 879 1655 919 quem

1049 925 1095 965 in
1126 935 1279 966 monte
1312 925 1450 967 turbis
1489 927 1654 981 praedi-

1048 984 1196 1030 cavit,
1236 981 1363 1032 cuius
1395 985 1657 1040 partemle—

1050 1046 1197 1102 gimus
1252 1059 1350 1099 cap.
1401 1051 1444 1086 6.
1495 1045 1651 1086 Lucae:

1052 1115 1224 1160 partem
1257 1115 1364 1148 vero
1397 1105 1528 1146 aliam
1551 1119 1657 1160 cap.

1052 1172 1096 1210 5.
1117 1164 1291 1207 Mathei
1316 1195 1326 1205 .
1359 1165 1452 1210 Jam
1483 1177 1587 1208 vero
1609 1168 1657 1207 in

1051 1225 1189 1278 ipsius
1256 1226 1468 1268 sermonis
1525 1226 1658 1268 initio

1051 1284 1142 1326 duo
1177 1284 1395 1326 Dominus
1430 1286 1658 1341 praemisit;

1050 1344 1276 1392 Primum,
1310 1345 1433 1398 quod
1465 1358 1555 1388 non
1583 1359 1657 1388 ve-

1052 1415 1178 1446 nerat
1197 1405 1368 1447 solvere
1396 1405 1554 1462 legem,
1578 1415 1659 1448 aut

1049 1465 1290 1520 Prophetas
1312 1495 1323 1513 ,
1339 1465 1412 1507 sed
1433 1465 1658 1521 adimple·-

1051 1537 1097 1565 re
1121 1555 1131 1566 .
1182 1524 1436 1566 Secundum
1458 1557 1469 1573 ,
1529 1525 1655 1580 quod

1053 1585 1136 1626 nisi
1151 1597 1302 1625 eorum
1315 1582 1486 1639 justitia
1502 1586 1656 1626 abun-

1050 1644 1174 1686 daret
1205 1645 1457 1699 plusquam
1478 1646 1656 1688 Scriba-

1048 1718 1147 1746 rum
1177 1736 1188 1753 ,
1228 1703 1275 1745 Sc
1322 1706 1656 1754 phariseorum,

1049 1779 1142 1807 non
1197 1766 1414 1808 intrarent
1464 1767 1512 1807 in
1561 1767 1656 1808 Re·-

1048 1838 1190 1880 gnum
1238 1825 1453 1866 Caelornm
1489 1855 1502 1867 .
1549 1826 1655 1866 Haec

1050 1886 1139 1927 duo
1164 1883 1309 1928 veluti
1332 1887 1469 1927 totius
1498 1898 1655 1928 sermo-

1050 1947 1118 1987 nis
1140 1946 1287 1999 capita
1323 1944 1456 2002 longa
1488 1948 1654 2000 proba-

1048 2006 1118 2048 vit
1153 2005 1372 2046 Dominus
1418 2006 1656 2048 inductio-

1045 2079 1131 2106 ne:
1168 2065 1234 2106 De
1253 2063 1504 2118 juramento
1516 2067 1654 2116 enim,

1045 2124 1102 2166 de
1134 2126 1447 2173 matrimonio,
1488 2125 1542 2167 de
1573 2126 1655 2166 ini-

1045 2185 1266 2226 micorum
1302 2184 1544 2227 dilectione
1566 2216 1578 2234 ‚
1597 2186 1654 2228 de

1045 2244 1343 2288 misericordia
1362 2259 1461 2302 erga
1498 2246 1654 2301 proxi-

1043 2318 1171 2345 mum
1189 2335 1199 2352 ,
1230 2302 1276 2345 ὃς
1301 2304 1354 2347 de
1386 2306 1481 2347 aliis
1497 2306 1653 2348 multis

1040 2364 1096 2404 ad
1128 2365 1280 2420 legem
1312 2367 1654 2421 spectantibus,

1039 2425 1256 2466 disserens
1273 2455 1286 2472 ‚
1306 2427 1353 2468 in
1375 2426 1577 2483 quolibet
1596 2424 1654 2483 le·-

1040 2485 1108 2544 gis
1143 2497 1364 2549 praecepto
1400 2485 1654 2545 exponebat

1561 2545 1652 2601 pri-
