1889 2863
170 326 284 384 111ιίΔ

170 1102 275 1152 Res.

179 1184 283 1213 121.

883 153 1056 208 (⁸6)

295 205 373 253 ωδ
423 219 624 267 tempore
665 209 919 254 Mutuatori

295 275 602 326 quantitatem
627 283 854 325 acceptam
881 302 893 314 .

319 333 443 372 Licet
466 331 554 372 haee
576 342 678 371 vera
701 332 791 372 sint
814 336 839 384 (
861 331 922 372 in-

289 393 416 446 quiet
436 390 595 444 aliquis
616 390 640 440 )
676 391 811 432 etiam
833 404 923 433 ve—

287 465 385 495 rum
421 462 486 493 est
519 461 730 491 mutuum
763 466 815 491 ex
851 463 928 493 sua

292 522 450 552 natura
481 510 671 566 exigere,
692 510 812 563 quod
830 523 928 550 mu-

288 581 508 614 tuatarius
530 585 576 610 ln
613 580 739 609 Omni
763 581 931 611 eVesstU

286 629 445 672 reddat
479 629 710 670 mutuanti
753 631 932 684 praesti-

289 701 391 733 tuto
414 699 612 744 ternpore
647 698 811 730 sortem
851 703 932 730 ac·-

287 759 497 804 ceptam‚
516 746 574 817 ’ὃς
615 748 648 789 si
675 749 720 788 in
745 748 934 791 fortuito

291 820 398 850 casu
434 809 612 864 perlerit
638 837 649 854 ‚
674 819 776 848 tum‘
801 822 932 850 corn-

292 869 425 910 rnoda
450 899 461 916 ,
482 865 528 910 8(
549 868 834 910 incommoda
856 868 933 910 di·-

290 928 369 970 &ae
413 928 541 970 sortis
599 926 651 968 ad
692 939 931 970 mutuata-

290 990 408 1030 rium
431 1019 442 1036 ‚
467 985 511 1029 ὃς
534 998 622 1029 non
646 986 700 1028 ad
719 996 934 1029 mutuam

293 1059 386 1092 tem
410 1046 646 1102 expedient
667 1050 687 1087 ’ἒ

324 1108 491 1154 Verum
528 1117 593 1149 est
628 1116 841 1150 mutuum
881 1121 936 1150 ex

299 1182 377 1210 sua
409 1178 564 1209 natura
600 1166 683 1208 hoc
723 1169 931 1225 exigere:

293 1240 338 1272 at
358 1242 463 1270 vero
485 1225 611 1282 pac‘to
641 1225 796 1282 aliquo
824 1241 936 1282 par-

295 1287 471 1332 ticulari
497 1286 737 1330 accedente
754 1317 766 1334 ‚
783 1297 932 1342 potest

292 1348 600 1390 Mutuatarius
624 1347 715 1388 haec
747 1348 933 1402 pericu-

293 1409 336 1450 la
355 1410 483 1451 sortis
506 1418 700 1461 acceptae
733 1406 787 1449 ad
822 1419 933 1448 rnu-

299 1480 507 1513 tuantem
557 1464 765 1518 rejicere,
820 1468 932 1522 quin

300 1524 554 1572 contractius
611 1540 738 1568 suam
785 1527 935 1570 mutui

296 1589 456 1630 amitat
496 1587 729 1628 essentiam
757 1615 767 1628 .
817 1587 935 1627 Sicu-

297 1648 334 1692 ti
367 1649 412 1689 in
434 1647 528 1689 aliis
548 1645 730 1689 Casibus
759 1648 934 1688 contin-

296 1708 366 1766 git
388 1738 399 1755 ,
449 1708 494 1748 in
544 1705 707 1760 quibus
749 1707 932 1749 variatIs

297 1768 472 1826 legibus
493 1764 742 1808 contracstus
766 1767 934 1812 mutui,

298 1829 487 1870 essentia
517 1825 768 1867 contractus
789 1824 933 1867 mini-

299 1902 374 1930 me
405 1888 629 1931 variatur,
657 1897 709 1927 ut
745 1886 791 1926 in
829 1897 934 1926 casu

300 1948 507 2001 sequenti
567 1942 796 2000 perspicue
846 1943 933 1986 de·-

302 2016 574 2047 monstratur
595 2034 605 2045 .
633 2004 850 2046 Mutuum
879 2019 934 2046 ex

303 2068 371 2108 sui
406 2077 560 2108 natura
593 2065 732 2121 exigit
754 2095 766 2111 ‚
810 2062 935 2120 quod

305 2127 494 2182 pecunia
511 2137 686 2178 recepta
710 2154 721 2171 ‚
737 2126 936 2166 restitua-

306 2197 379 2228 tur
416 2184 570 2227 eodem
609 2182 734 2230 loco,
765 2186 811 2225 in
844 2193 938 2238 quo

303 2255 479 2301 recepta
503 2253 592 2292 est,
620 2245 675 2286 Et
707 2243 937 2285 nihilomi-

305 2318 389 2346 nus
416 2305 449 2344 si
489 2303 647 2358 aliquis
686 2302 730 2343 in
764 2301 936 2345 Ameri-

304 2359 401 2405 cam
440 2377 485 2404 se
524 2361 787 2404 transferens
833 2377 934 2405 100.

305 2434 457 2469 aureos
499 2423 741 2464 Barcinone
775 2432 936 2464 mutuo

304 2482 526 2539 acciperet
553 2495 659 2525 cum
685 2479 821 2538 pac‘to
842 2511 855 2532 ‚
888 2477 936 2524 &-

1096 207 1356 254 conditione
1378 237 1391 255 .
1410 217 1464 252 ut
1493 206 1607 264 ipsos
1637 216 1730 266 pos.

1097 284 1162 314 set
1187 272 1354 313 Mexici
1379 268 1558 310 reddere
1587 269 1729 309 Man-

1093 329 1357 378 datari0‚vel
1372 327 1647 371 Procurator}
1667 330 1732 384 ip-

1097 394 1187 433 sius
1208 391 1464 433 Mutuantis
1489 403 1502 438 ;
1522 401 1611 430 non
1633 401 1733 443 pro·

1098 463 1254 507 pterea
1291 448 1540 493 commistus
1569 461 1731 490 mutu-

1097 524 1176 551 um
1214 524 1301 551 esse
1343 510 1560 551 desineret
1593 539 1606 555 ,
1650 522 1731 550 nec

1100 584 1225 611 suam
1249 569 1485 611 essentiam
1510 570 1731 617 amiteret,

1099 627 1146 671 8(
1197 630 1243 669 ἰη
1293 629 1428 670 aliam
1483 625 1734 669 contrastus

1102 689 1294 744 speciem
1321 688 1527 730 transiret
1544 687 1641 734 ,sed
1662 702 1734 741 pa-

1101 749 1218 790 &um
1241 749 1324 789 hoe
1354 747 1609 789 efformaret
1631 749 1733 789 titu-

1101 809 1195 850 lum
1220 819 1376 850 mutuo
1398 810 1692 850 extrinsecum
1718 837 1733 856 ‚

1100 866 1227 920 cujus
1250 880 1335 922 ope
1368 865 1605 910 Mutuator
1625 879 1732 921 pos-—

1099 938 1166 970 set
1200 927 1372 981 aliquid
1418 927 1534 968 ultra
1568 939 1731 968 sortem

1099 987 1309 1030 traditam
1375 979 1400 1028 ὲ
1451 984 1732 1029 Mutuatario

1103 1049 1280 1104 exigere
1321 1075 1333 1095 ,
1371 1045 1483 1088 illud
1521 1060 1685 1100 nempe
1718 1074 1732 1094 ,

1103 1107 1226 1162 quod
1264 1107 1532 1162 prudentum
1563 1104 1732 1160 judicio

1103 1167 1310 1222 impendi
1334 1167 1513 1209 deberet
1530 1196 1542 1213 ‚
1574 1176 1626 1207 ut
1645 1179 1732 1207 sors

1104 1226 1273 1269 Mexici
1293 1227 1462 1269 reddita
1479 1257 1490 1274 ‚
1514 1224 1612 1268 tutt')
1634 1225 1735 1268 Bat-

1098 1288 1308 1328 cinonem
1348 1287 1403 1329 ad
1435 1299 1589 1329 manus
1625 1299 1733 1326 rnu-

1103 1350 1290 1390 tuatoris
1332 1347 1490 1389 defferi
1538 1356 1683 1401 posset
1718 1360 1734 1396 ς

1104 1421 1153 1449 ac
1178 1408 1399 1461 prohinde
1431 1408 1467 1448 si
1506 1416 1735 1449 mutuator

1071 1474 1073 1476 ’
1110 1463 1281 1520 aliquid
1317 1464 1415 1522 plus
1446 1468 1538 1510 istis
1576 1476 1735 1507 neces-

1105 1529 1228 1568 sariis
1284 1526 1493 1581 impensis
1539 1527 1736 1583 exigeret

1105 1587 1280 1628 ratione
1324 1599 1427 1627 usus
1480 1588 1680 1641 pecuniae
1726 1610 1740 1634 ‚

1105 1659 1203 1688 reus
1237 1659 1376 1690 usurae
1396 1643 1639 1690 certissime
1660 1643 1738 1686 fo-

1105 1716 1175 1748 ret
1200 1735 1211 1747 .
1243 1706 1365 1747 Idem
1390 1720 1491 1765 ergo
1528 1706 1573 1746 in
1601 1707 1740 1747 Nau-

1104 1767 1194 1807 tico
1221 1764 1385 1808 faenore
1407 1765 1650 1807 dicendum
1672 1775 1738 1808 cst

1102 1826 1257 1867 onmia
1278 1828 1404 1869 sortis
1440 1837 1600 1867 mutuo
1625 1826 1737 1867 datae

1103 1885 1299 1939 pericula
1325 1916 1336 1933 ,
1370 1885 1421 1927 ad
1459 1886 1735 1926 mutum-ium

1103 1959 1159 1986 ex
1192 1956 1347 1987 natura
1366 1942 1617 1987 contradus
1637 1974 1648 1991 ‚
1669 1958 1741 1986 ex·

1104 2001 1286 2058 peffhfflt
1310 2005 1535 2059 ;pericu1u
1556 2002 1638 2046 ista
1662 2004 1738 2045 di-

1105 2074 1227 2107 versa
1253 2075 1385 2111 sunt,
1421 2061 1466 2106 &
1501 2074 1700 2119 tempore
1721 2093 1735 2112 ,

1105 2120 1152 2165 8<
1175 2125 1321 2178 specie
1343 2151 1355 2172 ‚
1374 2125 1409 2165 si
1442 2135 1654 2165 mutuans
1689 2124 1739 2165 in

1104 2196 1149 2224 se
1185 2194 1424 2226 assumeret
1464 2183 1616 2224 omnia
1652 2196 1738 2237 pe—

1103 2243 1243 2284 ricula
1276 2244 1404 2285 sortis
1448 2253 1605 2284 mutuo
1654 2242 1739 2284 da-

1106 2311 1161 2346 tae
1181 2332 1193 2348 ‚
1227 2314 1324 2357 quae
1346 2303 1604 2359 contingere
1627 2315 1735 2356 pos-

1105 2371 1212 2403 sunt
1249 2372 1345 2405 toto
1385 2372 1611 2417 tempore,
1645 2371 1738 2415 quo

1105 2420 1238 2463 durat
1259 2419 1507 2463 contradus
1524 2451 1536 2469 ‚
1549 2418 1596 2463 8(
1616 2432 1737 2473 quo-

1105 2481 1175 2539 adg
1187 2493 1275 2524 sors
1303 2492 1485 2539 accepta
1520 2478 1737 2529 redditum.

1623 2548 1735 2584 tun·
