1889 2863
910 132 1080 190 (σε)

345 190 589 236 declaravit
627 192 731 233 Irin.
787 190 869 232 111.
922 193 968 233 in

342 253 453 307 Cap.
494 259 540 294 6.
576 265 678 293 cum
716 262 869 293 contra
915 251 969 293 de

342 314 538 369 pigner.;
560 310 606 354 δι
627 310 970 353 Alexanderlll.

341 373 391 412 in
431 373 538 427 Cap.
570 391 608 414 ι.
647 373 699 411 de
720 371 856 412 usuris
875 400 886 412 .
906 371 965 413 Et

345 434 379 473 si
403 433 501 485 quis
521 463 533 480 ,
556 433 701 485 inquit
733 460 761 478 ‚‚
787 427 974 484 alicujus.

348 520 378 539 ,,
412 492 724 545 possessionem
761 489 862 531 data
894 502 972 543 pe·-

348 580 378 599 „
410 552 537 592 cunia
559 579 571 598 ‚
588 551 668 592 sub
691 550 771 592 hac
791 550 937 604 specie
954 577 966 595 ,

347 640 376 660 „
406 611 477 654 vel
521 610 776 651 conditione
818 611 866 650 in
908 608 969 661 pi-

346 699 380 718 „
414 684 527 726 gnus
550 670 790 724 acceperit,
819 668 854 710 si
888 680 972 708 sor-

346 761 378 781 „
412 742 499 773 tem
531 743 654 771 suam
686 728 884 770 deductis
904 741 977 768 ex-

346 822 376 841 „
409 791 585 844 pensis,
640 788 694 829 de
754 786 973 830 fructibus

347 881 377 900 ‚‚
409 850 495 906 jam
521 849 716 905 percepit
733 843 971 895 ‚absolute

354 941 380 961 „
416 911 724 966 possessionem
768 907 973 949 restituat

353 1001 383 1020 „
417 970 615 1012 Debitori
636 998 648 1015 ,
668 969 701 1008 si
725 979 874 1008 autem
898 965 974 1008 ali-

350 1062 381 1080 „
414 1030 522 1085 quid
555 1030 700 1070 minus
729 1027 891 1074 habet,
921 1039 972 1068 eo

351 1121 381 1138 „
416 1101 591 1144 recepto
616 1118 627 1136 ‚
687 1086 875 1142 possesio
926 1085 975 1126 ti-

351 1180 379 1199 „
413 1147 510 1193 bei-*e
544 1148 597 1189 ad
632 1148 872 1195 Dominum
913 1158 976 1186 re-

349 1241 379 1259 „
407 1221 641 1256 vertatur;
676 1207 796 1262 quod
814 1206 846 1245 si
875 1213 974 1253 post

349 1300 379 1319 „
414 1267 667 1316 huiusmodi
744 1266 973 1308 constitu-

351 1360 379 1378 „
413 1340 510 1371 tum
536 1358 547 1375 ‚
589 1330 634 1369 in
669 1326 796 1368 Clero
846 1325 973 1378 quis-

348 1420 379 1438 „
412 1402 547 1442 quam
590 1387 787 1429 extiterit
822 1415 834 1432 ‚
892 1384 972 1437 qui

348 1480 382 1498 ‚‚
415 1447 683 1491 detestandis
739 1457 972 1486 usurarum

349 1539 380 1558 ‚‚
413 1509 542 1549 lucris
578 1508 750 1548 insistat
767 1504 975 1546 Ecclesia-

354 1599 385 1619 „
417 1569 513 1610 stici
553 1566 692 1607 Oi'fitii
728 1563 973 1620 periculum

352 1659 382 1678 ‚‚
416 1629 633 1682 patiatur,
657 1626 735 1666 nisi
759 1626 871 1665 forte
896 1621 978 1663 Ec-

351 1712 380 1738 ‚=,
417 1688 557 1729 clesiae
583 1685 845 1727 Benefitium
885 1681 977 1722 sue-
1004 1710 1011 1717 .

351 1778 382 1799 ‚,
412 1745 630 1800 rii-‚quod
663 1741 974 1786 redimendum
1032 1793 1037 1798 ι

354 1838 384 1857 ,,
414 1809 451 1848 ei
475 1807 556 1847 hoc
595 1805 724 1845 morlo
760 1804 813 1843 de
836 1813 976 1842 manu

359 1897 389 1916 „
420 1867 538 1907 Laici
562 1865 768 1908 videatur
787 1893 813 1910 ‚‚
845 1873 980 1916 quam

360 1927 665 1981 exceptionem
688 1921 894 1965 Pontifex
913 1933 977 1960 su-

358 1984 511 2031 biicit:
539 1986 643 2040 quia
679 1986 724 2025 in
760 1984 840 2024 hoe
872 1993 975 2023 casu

357 2045 550 2088 Clericus
585 2045 770 2099 percipit
810 2043 979 2083 fruetus

356 2106 419 2147 rei
461 2106 504 2145 in
545 2107 702 2162 pignus
743 2102 854 2144 datae
890 2112 979 2142 non

359 2165 530 2207 ratione
566 2165 719 2204 credit-i
743 2193 754 2209 ‚
787 2160 832 2203 St
856 2174 979 2205 tam-

304 2268 307 2270 ,
358 2238 491 2278 quarn
538 2222 630 2271 eius
665 2224 865 2268 fructus,
904 2219 978 2260 sed

359 2284 530 2325 ratione
555 2283 744 2324 benefitii
765 2299 778 2329 ·,
799 2294 897 2323 cum
923 2293 979 2319 as-

358 2356 525 2385 seratur
561 2357 650 2383 rem
681 2341 801 2384 illam
843 2342 889 2380 in
918 2341 981 2393 pi-

359 2416 470 2458 gnus
506 2403 651 2445 datam
678 2432 689 2450 ‚
728 2401 796 2444 ad.
818 2400 981 2441 Recte-

359 2465 467 2505 siam
500 2460 589 2518 jam
628 2471 891 2518 expectare,
933 2456 980 2501 S<

1135 193 1319 236 Laicum
1368 188 1532 245 injuste
1566 205 1662 234 eam
1691 193 1767 236 de-
1829 214 1832 217 ·

1137 254 1304 295 tinere:
1353 264 1402 292 ac
1444 253 1627 305 proinde
1657 254 1759 295 fru-

1136 323 1233 355 ctus
1255 325 1307 351 ex
1326 325 1376 351 ea
1393 312 1654 354 resultantes
1667 326 1762 356 non

1135 372 1192 414 ad
1217 372 1396 411 Laicum
1418 368 1632 418 iniustum
1666 384 1763 427 pos-

1137 444 1340 472 sessorem
1384 432 1602 483 pertinere
1622 461 1636 480 ,
1684 430 1762 473 sed

1138 489 1191 531 ad
1224 489 1442 530 clericum
1477 491 1757 533 obtinentem

1143 549 1402 590 beneficium
1445 551 1489 591 in
1533 551 1726 593 Ecclesia
1745 579 1762 599 ,

1135 608 1188 649 ad
1217 621 1349 661 quam
1370 623 1419 650 ea
1437 623 1500 650 res
1519 619 1723 664 expectat
1746 639 1762 652 .

1017 668 1113 710 Int.
1166 669 1455 709 Innocentius
1478 669 1672 723 111.Cap.
1685 675 1756 711 16.

1138 728 1193 770 de
1215 726 1390 775 muris,
1429 727 1622 771 declarat
1648 729 1759 771 Ma·-

1139 790 1273 828 ritum
1305 801 1395 828 non
1446 789 1587 830 teneri
1626 801 1757 832 com-

1140 858 1296 902 putare
1319 847 1365 888 in
1383 859 1547 890 sortem
1563 877 1576 895 ,
1591 848 1761 889 fructus

1137 906 1425 954 resultantes,
1449 920 1501 948 ex
1531 920 1576 948 re
1607 907 1687 948 sibi
1712 909 1760 948 in

1139 967 1300 1022 pignus
1327 966 1486 1008 tradita
1507 996 1519 1014 ‚
1563 967 1610 1010 in
1645 966 1761 1008 dotis

1139 1026 1354 1081 promissae
1388 1027 1670 1068 securitatem
1695 1027 1763 1067 his

1139 1085 1282 1128 verbis
1305 1102 1317 1125 ε
1373 1115 1402 1132 ‚‚
1445 1083 1556 1127 Sane
1601 1083 1761 1127 Gene-

1141 1173 1172 1193 aa
1203 1157 1302 1185 rum
1342 1145 1396 1185 ad
1435 1144 1601 1187 fructus
1647 1146 1791 1186 Pos--

1142 1233 1173 1253 „
1203 1206 1424 1245 sesionum
1447 1234 1458 1250 ‚
1500 1217 1592 1258 quae
1623 1205 1702 1245 sibi
1734 1218 1758 1246 a

1141 1293 1170 1312 „
1203 1263 1355 1304 Socero
1374 1276 1477 1305 sunt
1513 1277 1588 1318 pro
1611 1277 1767 1305 nume·

1140 1352 1168 1372 ‚,
1201 1334 1291 1364 rata
1315 1323 1416 1364 dote
1448 1324 1621 1380 pignori
1654 1323 1766 1364 obli-
1828 1350 1831 1353 -

1141 1411 1171 1431 ‚,
1197 1393 1313 1439 gatae
1332 1384 1682 1436 computandos,
1715 1383 1762 1426 in

1141 1472 1170 1489 „
1202 1453 1363 1485 sortem
1405 1456 1494 1482 non
1546 1443 1764 1484 credimus

1142 1531 1172 1551 ‚„
1203 1500 1560 1557 compellendum
1597 1519 1610 1550 ;
1660 1502 1764 1542 cum

1145 1591 1174 1610 ,,
1205 1560 1462 1615 frequenter
1507 1563 1618 1602 dotis
1662 1560 1767 1601 fru-

1147 1650 1174 1669 „
1206 1632 1302 1662 ctus
1335 1633 1424 1662 non
1453 1618 1674 1663 sufficiant
1709 1618 1766 1662 ad

1147 1710 1176 1729 „
1205 1693 1336 1722 onera
1360 1681 1634 1722 Matrimonii
1653 1694 1766 1734 sup-

1150 1770 1179 1788 „
1214 1741 1459 1794 portanda:
1502 1740 1617 1796 Ergo
1666 1741 1768 1781 Cre-

1149 1800 1264 1842 ditor
1312 1813 1402 1842 non
1451 1811 1630 1845 tenetur
1665 1800 1767 1840 fm-

1148 1871 1242 1901 ctus
1294 1861 1485 1917 pignoris
1525 1861 1570 1901 in
1602 1870 1766 1901 sortem

1144 1931 1427 1974 computare,

1020 1979 1124 2023 Res.
1177 1980 1399 2020 Generum
1424 1991 1513 2020 non
1543 1979 1768 2032 percipere

1045 2039 1308 2091 92.fructus
1342 2040 1399 2079 rei
1436 2039 1520 2079 sibi
1556 2052 1578 2079 a
1609 2037 1766 2080 Socero

1146 2098 1316 2141 traditae
1370 2099 1414 2138 in
1458 2099 1618 2154 pignus
1652 2097 1766 2139 dotis

1146 2159 1386 2214 promissae,
1433 2168 1660 2210 tamquam
1695 2155 1768 2200 do·
1806 2156 1809 2160 ’

1148 2220 1201 2260 tis
1242 2217 1438 2259 redditus
1474 2247 1486 2263 ‚
1528 2217 1601 2257 sed
1645 2227 1768 2257 tam..

1145 2290 1278 2332 quarn
1308 2291 1451 2317 annua
1475 2277 1650 2331 pensio,
1684 2274 1767 2321 sibi

1143 2337 1260 2379 ultra
1290 2349 1447 2379 sortem
1474 2351 1495 2377 a
1527 2335 1681 2376 Socero
1699 2334 1769 2375 da-

1149 2408 1224 2444 ta,
1265 2396 1317 2438 ad
1363 2409 1492 2438 onera
1544 2395 1771 2436 matrimo-

1147 2458 1212 2501 nii
1243 2456 1525 2505 sustinenda;
1553 2455 1612 2498 ita
1639 2463 1692 2553 υἱ
1721 2452 1767 2496 hi

1687 2524 1759 2555 ru·

1870 2175 1875 2187 2„
1866 2038 1875 2047 A
