1889 2863
735 131 937 182 (129)

170 188 330 230 timum
368 189 745 233 commendantur
769 209 778 230 :
819 192 1082 237 Act-ivimus
1121 198 1257 239 etiam
1300 198 1448 255 plures

168 249 407 306 Regulares
429 251 473 290 in
490 262 678 305 utraque
710 251 925 295 facultate
955 267 1205 308 praestante>
1222 289 1234 307 ‚
1252 274 1441 314 quorum

169 313 340 364 aliquos
362 325 414 352 ex
434 312 666 356 Monachis
688 341 699 358 ‚
722 312 829 354 alios
849 327 900 354 ex
921 315 1073 355 ordine
1092 319 1443 362 mendicantium

167 371 275 414 aiios
305 369 485 414 demum
524 388 577 414 ex
627 372 810 414 Clericis
846 373 1137 429 Regularibus
1173 378 1444 437 selegimus;

165 431 396 476 Praesulem
416 446 599 487 quoque
615 430 720 479 iuris
737 435 971 488 utriusque
988 433 1129 477 laute&
1149 442 1379 492 praeditum
1398 436 1446 483 &

166 493 209 534 in
227 491 318 531 foro
345 493 420 533 diu
450 506 671 537 versatum
713 494 993 534 adhibuimus
1029 526 1039 537 .
1078 497 1207 539 Diem
1237 510 1441 553 quartam

164 552 403 596 infiximus
436 550 534 607 julii
578 585 592 601 ,
629 554 706 608 qui
743 566 884 608 nuper
916 556 1162 609 proeteriit,
1199 571 1251 601 ut
1294 572 1444 600 coram

165 614 290 654 nobis
314 611 378 653 illi
399 626 556 656 omnes
589 614 884 656 convenirent
906 644 918 663 ‚
965 610 1125 669 q'uibus
1160 619 1361 660 naturam
1381 630 1446 660 to·

164 674 252 714 tius
272 674 441 730 negotii
472 673 798 717 declaravimus
822 704 834 722 ‚
867 677 987 728 quod
1017 676 1104 717 illis
1130 690 1261 720 antea
1278 679 1441 738 cogni-

163 746 261 778 tum
294 763 306 780 ‚
345 733 715 789 perspectumque
737 734 1107 790 deprehendimus
1132 767 1143 778 .

223 789 272 849 ᾗ·
293 807 337 834 2.
357 794 460 837 Post
481 794 571 836 haec
600 795 966 850 praecepimus‚ut
987 799 1112 837 omni
1140 795 1332 840 Partium
1352 808 1443 841 ttu-

160 853 234 895 dio
259 883 270 900 ‚
298 855 515 908 omnique
547 856 796 911 cupiditate
815 854 978 904 soluti,
1013 870 1103 897 rem
1143 869 1282 900 totam
1303 865 1442 900 accu-

158 926 256 956 rate
291 914 619 969 perpenderent
643 946 657 964 ‚
687 928 878 970 suasque
897 917 1133 970 opiniones
1167 919 1331 969 scripto
1355 933 1441 961 ex-

159 985 335 1016 ararent
357 991 370 1023 ;
392 988 482 1016 non
516 986 670 1018 tamen
705 977 1010 1030 expetivimux
1043 977 1096 1017 ab
1131 978 1263 1032 ipsis,
1294 977 1439 1033 utju-

159 1034 327 1076 dicium
347 1035 512 1077 ferrent
535 1036 590 1078 de
620 1032 851 1079 contrafiu
874 1065 888 1084 ,
919 1039 997 1090 qui
1020 1048 1331 1081 controversae
1355 1052 1437 1081 ca-

156 1107 283 1137 usam
304 1094 433 1137 initio
466 1098 714 1152 praebuerat
731 1126 743 1144 ‚
775 1107 882 1137 cum
903 1098 1027 1152 plura
1053 1098 1324 1140 documenta
1346 1113 1437 1140 non

155 1165 478 1211 suppeterent,
509 1171 606 1211 qute
630 1157 872 1198 necessario
910 1157 965 1198 ad
998 1156 1042 1198 id
1063 1160 1435 1212 requirebantur;

155 1215 232 1258 sed
255 1228 308 1257 ut
338 1229 505 1258 certam
544 1219 596 1259 de
626 1218 766 1258 usuris
807 1214 1048 1258 doc'trinarn
1070 1220 1402 1262 constituerent
1421 1248 1435 1267 ‚

153 1276 226 1318 cui
248 1289 339 1317 non
363 1278 584 1319 mediocre
606 1277 927 1319 detrimentum
969 1277 1130 1319 inferre
1165 1279 1436 1322 videbantur

152 1350 234 1384 ea,
274 1349 369 1391 quae
403 1350 543 1392 nuper
573 1339 617 1379 in
650 1335 816 1392 vulgus
854 1338 997 1393 spargi
1035 1350 1257 1394 caepemnt
1280 1357 1289 1380 ε
1311 1340 1433 1384 Iussa

152 1398 358 1440 fecerunt
379 1399 698 1448 univer-simam
730 1409 826 1437 suas
855 1398 1100 1440 sententias
1122 1399 1268 1453 palam
1292 1398 1437 1442 decla·-

142 1469 306 1518 parunt
328 1458 373 1499 in
391 1457 558 1503 duabus
575 1456 995 1515 congregationibus
1017 1488 1028 1504 ‚
1059 1471 1249 1514 quarum
1290 1461 1433 1514 prima

139 1532 300 1563 „coram
323 1518 461 1561 Nobis
500 1519 651 1561 habita
674 1529 739 1560 est
759 1517 830 1557 die
845 1529 922 1576 ⁸13.
955 1515 1053 1570 julii
1075 1519 1210 1561 altera
1241 1532 1345 1562 vero
1361 1519 1433 1561 die

150 1579 294 1636 prima
325 1576 552 1637 Augusti,
581 1580 660 1634 qui
680 1590 852 1632 menses
883 1591 1027 1633 nuper
1055 1578 1190 1633 elapsi
1208 1591 1345 1629 sunt;
1380 1592 1430 1621 ac

39 1635 42 1641 '
89 1643 94 1649 '
152 1639 337 1681 demum
368 1640 542 1682 easdem
581 1636 825 1682 sententias
845 1639 1206 1696 congregationis
1240 1639 1431 1682 Secreta-

149 1701 217 1742 rio
246 1702 430 1755 scriptas
447 1699 730 1744 tradiderunt
750 1732 761 1743 .

209 1755 261 1817 ᾗ.
313 1766 360 1805 ε.
405 1760 539 1805 Porro
578 1761 672 1803 haec
699 1757 905 1802 unanimi
933 1770 1151 1802 consensu
1199 1760 1430 1817 probave-

149 1829 256 1862 runt
278 1849 291 1862 .

210 1881 247 1923 I.
284 1881 460 1927 Peccat‘i
494 1894 636 1940 genus
665 1878 778 1923 mad
801 1911 816 1929 ‚
854 1877 976 1935 quod
1019 1892 1151 1921 usura
1203 1889 1392 1923 vocatur
1414 1909 1427 1928 ‚

147 1941 363 1997 quodque
390 1946 438 1986 in
458 1940 689 1987 contra&u
704 1942 858 1985 mutui
876 1941 1095 1996 propriam
1113 1953 1236 1982 snam
1259 1940 1427 1990 sedem,

149 1998 198 2046 ἃ
230 2002 379 2046 locum
407 2005 544 2047 habet
567 2032 580 2052 ‚
612 2004 725 2046 ineo
753 2012 822 2045 est
856 1999 1101 2055 repositum
1122 2029 1133 2047 ‚
1172 2000 1298 2057 quod
1329 2001 1428 2055 quis

148 2075 202 2104 cx
232 2064 423 2120 ipsomet
458 2074 619 2106 mutuo
648 2099 662 2113 ,
708 2060 830 2117 quod
860 2072 1018 2114 suapte
1047 2071 1205 2104 natura
1231 2071 1427 2102 tantun-

149 2122 252 2167 dem
285 2125 521 2168 dumtaxat
540 2123 662 2166 reddi
685 2120 912 2178 postulat.
950 2130 1172 2173 quantum
1193 2132 1424 2176 receptum

147 2194 216 2226 est
245 2215 260 2231 .
303 2184 405 2241 plus
431 2186 514 2227 sibi
547 2183 674 2226 reddi
703 2182 821 2226 velit
852 2212 865 2230 ‚
896 2178 1028 2235 quz‘xm
1065 2192 1132 2224 est
1162 2192 1426 2235 receptum3

146 2242 338 2301 ideoque
357 2246 472 2288 ultra
494 2254 656 2287 sortem
678 2272 689 2288 ‚
721 2241 891 2284 tucrum
916 2241 1119 2295 aliquod,
1140 2241 1276 2296 ipsius
1298 2241 1427 2284 ratio-

145 2319 206 2346 ne
233 2307 410 2353 mutui,
430 2305 511 2347 sibi
540 2303 688 2346 deberi
709 2301 955 2346 contendat
978 2332 990 2344 .
1014 2301 1159 2343 Omne
1191 2311 1426 2356 propterea

144 2362 402 2419 Huiusmodi
422 2365 617 2414 lucrum,
635 2363 760 2419 quod
775 2374 940 2406 sortem
960 2372 1140 2419 superet
1154 2391 1168 2410 ‚
1186 2361 1398 2404 illicitum
1412 2391 1427 2411 ‚

138 2423 192 2471 v&
211 2427 459 2470 usurarium
479 2437 546 2469 est
569 2454 583 2467 .

201 2488 260 2532 it.
289 2487 452 2546 Neque
469 2495 580 2531 vero
602 2484 660 2529 ad
689 2485 820 2528 istam
843 2482 991 2585 labein
1012 2481 1295 2541 purgandam
1317 2512 1342 2583 ‚l
1358 2481 1427 2523 ul-

1346 2555 1423 2586 um

1529 700 1725 735 Doarinm

1488 749 1528 783 dc
1549 759 1662 782 usures
1678 758 1721 780 ex

1489 799 1572 838 poni
1585 794 1680 836 iubet

1513 1689 1669 1723 canones

1499 1860 1610 1892 Usar:
1639 1858 1712 1888 lucr

1475 1918 1534 1940 um
1549 1915 1646 1944 supra
1660 1913 1715 1935 sor

1475 1961 1543 1985 tem
1579 1963 1620 1985 ex
1646 1959 1706 1982 mu

1475 2007 1537 2033 tuo

1498 2151 1653 2197 Qualites
1673 2151 1711 2184 ln

1477 2203 1524 2233 cri
1553 2201 1605 2232 vel
1621 2199 1715 2239 quali

1477 2255 1527 2280 tas
1552 2253 1708 2280 mutuatu

1477 2297 1520 2328 rii
1538 2296 1668 2326 lucrum
1690 2303 1712 2323 u

1479 2339 1627 2380 jusmodi
1640 2339 1715 2371 abu

1477 2400 1560 2421 surae
1588 2387 1659 2418 labe
1689 2395 1714 2417 n

1475 2446 1523 2469 οη
1548 2435 1690 2468 liberant
