1889 2863
141 1917 236 1963 Int.

122 2218 246 2264 ·Re5.

164 2293 238 2328 71.

804 116 990 171 (5⁹)

262 177 343 223 di.
392 189 435 227 s.
473 176 626 222 Onus,
669 187 761 231 quo
805 177 889 232 ipsi

259 239 478 285 traditur,
515 236 777 280 restituendi
824 238 890 278 ni-

259 301 424 342 mirum
445 298 633 339 eandem
666 298 892 351 quantita-

258 370 349 401 tem
373 369 569 413 tempore
608 358 856 412 praestituto
875 387 886 399 .

255 418 325 461 En
365 420 443 460 tria
470 449 482 462 ,
518 431 616 473 quae
652 417 893 458 essentiam

258 479 407 519 mutui
443 478 729 520 const³tuunt
750 507 762 525 ,
783 478 892 530 qui-

257 538 340 577 bus
375 534 584 585 adiicitur
612 556 654 580 a.
700 538 893 593 Obliga-

260 598 323 640 tio
345 599 555 638 nimirum
575 597 776 639 solvendi
794 598 893 639 Cre-

257 657 391 699 ditori
435 658 554 699 illud
590 657 762 699 lucrum
791 689 801 706 ,
848 654 893 699 ἒξ

258 718 591 760 incrementum
621 718 768 771 ‚quod
794 731 896 772 prce-

257 778 374 819 tium
409 778 610 818 intimum
655 790 891 832 acceptum

258 850 364 879 cum
420 851 629 893 supremo
679 840 890 892 promisso

255 907 405 948 aequat
421 929 432 945 ,
456 898 576 952 quod
599 899 771 938 lucrum
789 909 892 938 con·

256 968 451 999 tractum
489 960 738 1000 usurarium
774 968 892 999 con-

255 1018 438 1060 stituit.

223 1111 234 1124 .
286 1077 338 1118 ln
371 1077 713 1120 venditionibus
741 1108 754 1126 ,
790 1089 887 1132 quae

254 1139 368 1179 fiunt
404 1139 556 1179 habita
591 1138 673 1178 fide
711 1138 764 1179 de
797 1153 888 1194 pre-

257 1199 320 1241 tio
375 1200 590 1252 reperitur
644 1195 701 1240 ne
756 1211 889 1242 usura

263 1257 484 1313 palliata?

232 1347 243 1358 .
308 1319 422 1360 Cum
470 1317 684 1360 venditor
714 1348 726 1368 ,
786 1319 892 1373 qnia

220 1408 232 1422 .
262 1389 352 1420 tem
363 1391 440 1436 pus
453 1380 507 1421 ad
527 1378 788 1422 solvendum
809 1392 897 1420 cre-

259 1439 390 1482 ditori
414 1439 623 1482 concedit
642 1467 654 1485 ,
679 1440 734 1479 ab
762 1454 811 1480 eo
837 1453 892 1480 e·-

255 1501 369 1566 xigit
403 1500 593 1553 pretium
627 1498 772 1540 multo
790 1513 894 1541 ma-

255 1555 327 1615 jus
345 1590 356 1607 ‚
410 1572 545 1614 quam
590 1560 788 1617 exigeret
850 1560 894 1602 Si

257 1621 448 1676 pecunia
471 1631 703 1661 numerata
725 1620 892 1663 vende-

255 1690 326 1722 ret
346 1709 359 1726 ,
374 1692 469 1721 reus
490 1691 627 1719 usurae
649 1680 824 1728 evadit,
844 1694 889 1722 u-

255 1741 293 1782 ti
308 1753 506 1793 expresse
523 1739 765 1782 declaravit
777 1741 887 1782 Urb.

258 1800 342 1842 111.
368 1800 415 1840 in
454 1799 566 1855 Cap.
589 1813 658 1841 ιο.
693 1798 747 1842 de
763 1800 888 1842 Usu-

259 1860 314 1900 ris
336 1887 348 1901 .

300 1919 495 1961 Licitum
533 1915 590 1961 ne
628 1929 693 1962 est
724 1931 890 1962 merces

260 1981 406 2034 pretio
442 1993 649 2034 supremo
690 1980 890 2022 vendere
922 1980 927 1987 ¹

261 2052 363 2080 cum
387 2041 576 2094 emptori
599 2039 754 2082 dilatio
782 2051 896 2081 tem-

261 2100 381 2154 poris
404 2098 459 2140 ad
486 2099 753 2142 solvendum
773 2113 891 2144 con-

264 2158 438 2200 ceditur
456 2160 474 2198 ἓ

296 2217 338 2258 8.
356 2218 613 2259 Antoninus
624 2216 732 2262 Nat.
755 2215 890 2263 Alex.

265 2277 460 2324 Patuzzi,
510 2276 554 2318 8<
592 2283 894 2322 communiter

261 2337 483 2394 Theologi
506 2350 689 2381 censent
712 2339 857 2382 licitas
877 2371 891 2390 ,

262 2395 312 2440 St
335 2398 388 2439 ab
410 2410 537 2442 usura
562 2400 784 2440 immunes
815 2413 892 2440 es-

262 2471 314 2504 se
336 2458 414 2503 has
442 2459 754 2508 venditiones:
784 2460 890 2519 quia

1060 189 1166 220 cum
1220 174 1400 219 licitum
1444 178 1503 220 sit
1548 178 1692 234 pretio

1062 238 1277 293 Supremo
1301 250 1532 281 numerata
1564 251 1695 293 pecu·

1062 300 1137 340 nia
1162 297 1362 339 vendere
1397 296 1560 352 pariter
1587 299 1694 339 lici-

1064 369 1163 401 turn
1213 357 1297 399 erit
1347 357 1506 401 eodem
1550 358 1695 413 pretio

1060 417 1257 462 vendere
1304 417 1388 459 fide
1437 418 1589 460 habita
1639 416 1695 460 de

1063 479 1237 534 preti0‚
1288 491 1370 518 nec
1423 477 1547 520 favor
1584 478 1696 526 ille,

1062 551 1195 592 quem
1227 539 1438 580 venditor
1466 537 1696 593 impendit

1062 599 1287 652 emptori,
1334 598 1542 654 temporis
1589 597 1696 640 dila-

1063 661 1235 701 tionem
1308 657 1362 698 ad
1427 657 1695 701 solvendum

1063 719 1257 788 pretium
1303 719 1344 759 ei
1375 717 1692 766 concedendo,

1067 781 1213 833 ipsum
1262 778 1481 836 impedit,
1521 778 1696 832 quomi-

1062 854 1144 881 nus
1208 852 1261 879 ex
1325 839 1415 879 suis
1475 839 1696 880 mercibus

1060 900 1198 955 possit
1230 899 1406 954 exigere
1440 897 1554 939 illud
1603 911 1698 954 pre-

1062 961 1177 1002 tium
1205 989 1217 1006 ‚
1248 958 1370 1013 quod
1399 959 1575 1015 exigere
1599 971 1701 1013 pos-

1056 1031 1149 1066 set,
1184 1021 1217 1062 si
1246 1019 1434 1073 pecunia
1456 1029 1693 1061 numerata

1056 1079 1273 1124 venderet
1292 1098 1304 1130 ;
1323 1076 1369 1120 &
1402 1077 1510 1121 licet
1541 1079 1696 1120 vendi-

1059 1152 1127 1182 tor
1148 1150 1325 1194 paratus
1338 1140 1396 1181 sit
1416 1140 1577 1180 minori
1603 1152 1699 1193 pre·

1059 1202 1123 1244 tio
1147 1215 1312 1242 merces
1333 1199 1554 1247 vendere,
1590 1200 1625 1240 si
1646 1197 1698 1239 il-

1061 1257 1148 1302 lico
1192 1275 1343 1303 earum
1376 1262 1574 1316 pretium
1598 1257 1696 1300 sol-

1063 1321 1386 1368 vatur,adhuc
1425 1320 1697 1369 tamen(in-

1067 1382 1171 1436 quit
1207 1382 1390 1424 Sanctus
1434 1379 1695 1422 Antoninus

1063 1454 1200 1494 quem
1241 1441 1382 1489 citat,
1415 1438 1460 1481 δί
1493 1441 1696 1494 sequitur

1063 1502 1240 1543 Natalis
1274 1499 1570 1553 Alexander)
1605 1511 1695 1554 po-

1065 1572 1152 1604 test
1165 1558 1320 1616 majori
1344 1561 1487 1617 pretio
1507 1573 1697 1602 easven·

1062 1621 1166 1663 dere
1199 1622 1283 1662 fide
1319 1621 1471 1663 habita
1499 1621 1551 1662 de
1587 1634 1696 1675 pre-

1062 1682 1127 1723 tio
1146 1709 1158 1729 ,
1181 1681 1428 1722 dummodo
1450 1681 1533 1721 hoc
1557 1679 1697 1722 incre-

1063 1751 1271 1782 mentum
1308 1770 1321 1789 ,
1370 1738 1539 1783 limites
1583 1739 1695 1795 justi

1062 1803 1196 1855 pretii
1233 1813 1323 1842 non
1346 1800 1556 1848 excedat,
1587 1800 1695 1854 quia

1059 1874 1152 1903 non
1193 1872 1368 1904 tenetur
1412 1862 1558 1902 facere
1593 1873 1693 1902 eam

1057 1922 1251 1978 gratiam
1272 1951 1282 1968 ,
1304 1919 1350 1962 St
1388 1921 1694 1963 remissionem

1061 1982 1115 2022 de
1146 1981 1288 2035 pretio
1319 1979 1440 2034 justo
1471 1981 1526 2023 ad
1559 1980 1694 2023 favo-

1058 2052 1156 2082 rem
1181 2043 1434 2084 ementium
1472 2041 1557 2082 fide
1591 2041 1694 2084 data

1061 2101 1117 2141 de
1140 2101 1283 2156 pretio
1305 2131 1317 2148 ,
1339 2114 1474 2155 quam
1506 2100 1616 2143 facit
1647 2103 1695 2142 in

1061 2161 1259 2203 favorem
1293 2174 1476 2209 eorum,
1512 2162 1590 2215 qui
1614 2174 1695 2202 nu-

1061 2231 1231 2262 merata
1272 2223 1459 2275 pecunia
1506 2231 1693 2263 emunt.

1063 2280 1108 2321 Si
1128 2292 1276 2321 tamen
1300 2280 1539 2323 discrimen
1560 2282 1694 2336 pretii

1061 2353 1198 2398 grave
1219 2351 1330 2383 esset
1345 2371 1357 2388 ,
1381 2354 1488 2383 tunc
1509 2352 1699 2382 contra-

1061 2412 1159 2441 ctus
1187 2400 1259 2441 isti
1292 2401 1345 2441 de
1377 2414 1508 2443 usura
1544 2414 1694 2444 revera

1060 2461 1255 2516 suspecti
1276 2459 1421 2516 forent
1448 2492 1461 2511 ,
1499 2456 1548 2504 ἃ
1569 2473 1694 2501 mer..

1582 2532 1662 2564 GR·-
