<?xml version="1.0" encoding="UTF-8"?>
<!DOCTYPE html PUBLIC "-//W3C//DTD XHTML 1.0 Transitional//EN"
    "http://www.w3.org/TR/xhtml1/DTD/xhtml1-transitional.dtd">
<html xmlns="http://www.w3.org/1999/xhtml" xml:lang="en" lang="en">
 <head>
  <title>
</title>
<meta http-equiv="Content-Type" content="text/html;charset=utf-8" />
  <meta name='ocr-system' content='tesseract 3.04.00' />
  <meta name='ocr-capabilities' content='ocr_page ocr_carea ocr_par ocr_line ocrx_word'/>
</head>
<body>
  <div class='ocr_page' id='page_1' title='image "./tractatusdemutuo00corruoft_0028.png"; bbox 0 0 1889 2863; ppageno 0'>
   <div class='ocr_carea' id='block_1_1' title="bbox 193 360 288 402">
    <p class='ocr_par' dir='ltr' id='par_1_1' title="bbox 193 360 288 402">
     <span class='ocr_line' id='line_1_1' title="bbox 193 360 288 402; baseline -0.032 0"><span class='ocrx_word' id='word_1_1' title='bbox 193 360 288 402; x_wconf 81' lang='lat' dir='ltr'>Int.</span> 
     </span>
    </p>
   </div>
   <div class='ocr_carea' id='block_1_2' title="bbox 200 1194 301 1302">
    <p class='ocr_par' dir='ltr' id='par_1_2' title="bbox 200 1194 301 1302">
     <span class='ocr_line' id='line_1_2' title="bbox 200 1194 301 1235; baseline 0 0"><span class='ocrx_word' id='word_1_2' title='bbox 200 1194 301 1235; x_wconf 82' lang='lat' dir='ltr'>Res.</span> 
     </span>
     <span class='ocr_line' id='line_1_3' title="bbox 214 1267 290 1302; baseline 0 -6"><span class='ocrx_word' id='word_1_3' title='bbox 214 1267 290 1302; x_wconf 75' lang='lat'>24.</span> 
     </span>
    </p>
   </div>
   <div class='ocr_carea' id='block_1_3' title="bbox 200 2267 296 2309">
    <p class='ocr_par' dir='ltr' id='par_1_3' title="bbox 200 2267 296 2309">
     <span class='ocr_line' id='line_1_4' title="bbox 200 2267 296 2309; baseline 0.021 -2"><span class='ocrx_word' id='word_1_4' title='bbox 200 2267 296 2309; x_wconf 79' lang='lat' dir='ltr'>Im.</span> 
     </span>
    </p>
   </div>
   <div class='ocr_carea' id='block_1_4' title="bbox 207 2386 304 2492">
    <p class='ocr_par' dir='ltr' id='par_1_4' title="bbox 207 2386 304 2492">
     <span class='ocr_line' id='line_1_5' title="bbox 207 2386 304 2427; baseline 0 -1"><span class='ocrx_word' id='word_1_5' title='bbox 207 2386 304 2427; x_wconf 83' lang='lat' dir='ltr'>Res.</span> 
     </span>
     <span class='ocr_line' id='line_1_6' title="bbox 221 2454 296 2492; baseline -0.027 -4"><span class='ocrx_word' id='word_1_6' title='bbox 221 2454 276 2492; x_wconf 83' lang='lat'>25</span> <span class='ocrx_word' id='word_1_7' title='bbox 287 2475 296 2486; x_wconf 91' lang='lat'>.</span> 
     </span>
    </p>
   </div>
   <div class='ocr_carea' id='block_1_5' title="bbox 863 172 1033 226">
    <p class='ocr_par' dir='ltr' id='par_1_5' title="bbox 863 172 1033 226">
     <span class='ocr_line' id='line_1_7' title="bbox 863 172 1033 226; baseline 0.006 -1"><span class='ocrx_word' id='word_1_8' title='bbox 863 172 1033 226; x_wconf 79' lang='lat'><strong>(2⁴)</strong></span> 
     </span>
    </p>
   </div>
   <div class='ocr_carea' id='block_1_6' title="bbox 307 233 925 1666">
    <p class='ocr_par' dir='ltr' id='par_1_6' title="bbox 307 233 925 1666">
     <span class='ocr_line' id='line_1_8' title="bbox 318 233 917 286; baseline -0.002 -11"><span class='ocrx_word' id='word_1_9' title='bbox 318 235 354 279; x_wconf 76' lang='lat' dir='ltr'>ti</span> <span class='ocrx_word' id='word_1_10' title='bbox 378 266 391 286; x_wconf 85' lang='lat'>‚</span> <span class='ocrx_word' id='word_1_11' title='bbox 420 235 514 277; x_wconf 80' lang='lat' dir='ltr'>sive</span> <span class='ocrx_word' id='word_1_12' title='bbox 556 233 819 279; x_wconf 78' lang='lat' dir='ltr'>mercatori,</span> <span class='ocrx_word' id='word_1_13' title='bbox 847 234 917 275; x_wconf 88' lang='lat' dir='ltr'>si-</span> 
     </span>
     <span class='ocr_line' id='line_1_9' title="bbox 313 295 799 341; baseline -0.012 0"><span class='ocrx_word' id='word_1_14' title='bbox 313 310 369 341; x_wconf 86' lang='lat' dir='ltr'>ve</span> <span class='ocrx_word' id='word_1_15' title='bbox 405 308 495 339; x_wconf 88' lang='lat' dir='ltr'>non</span> <span class='ocrx_word' id='word_1_16' title='bbox 535 295 799 335; x_wconf 77' lang='lat' dir='ltr'>mercatori.</span> 
     </span>
     <span class='ocr_line' id='line_1_10' title="bbox 366 352 917 398; baseline -0.011 1"><span class='ocrx_word' id='word_1_17' title='bbox 366 356 532 398; x_wconf 87' lang='lat' dir='ltr'>Nonne</span> <span class='ocrx_word' id='word_1_18' title='bbox 566 355 778 395; x_wconf 87' lang='lat' dir='ltr'>videntur</span> <span class='ocrx_word' id='word_1_19' title='bbox 826 352 917 394; x_wconf 83' lang='lat' dir='ltr'>haec</span> 
     </span>
     <span class='ocr_line' id='line_1_11' title="bbox 312 413 915 468; baseline -0.008 -9"><span class='ocrx_word' id='word_1_20' title='bbox 312 417 447 463; x_wconf 85' lang='lat' dir='ltr'>verba</span> <span class='ocrx_word' id='word_1_21' title='bbox 500 414 646 468; x_wconf 81' lang='lat' dir='ltr'>potius</span> <span class='ocrx_word' id='word_1_22' title='bbox 680 413 915 455; x_wconf 86' lang='lat' dir='ltr'>consilium</span> 
     </span>
     <span class='ocr_line' id='line_1_12' title="bbox 315 471 916 527; baseline -0.01 -9"><span class='ocrx_word' id='word_1_23' title='bbox 315 477 561 522; x_wconf 77' lang='lat' dir='ltr'>continere,</span> <span class='ocrx_word' id='word_1_24' title='bbox 581 486 712 527; x_wconf 88' lang='lat' dir='ltr'>quam</span> <span class='ocrx_word' id='word_1_25' title='bbox 734 471 916 527; x_wconf 78' lang='lat' dir='ltr'>aliquod</span> 
     </span>
     <span class='ocr_line' id='line_1_13' title="bbox 312 534 916 594; baseline -0.012 -15"><span class='ocrx_word' id='word_1_26' title='bbox 312 545 587 594; x_wconf 66' lang='lat' dir='ltr'>praeceptum</span> <span class='ocrx_word' id='word_1_27' title='bbox 651 534 916 588; x_wconf 73' lang='lat' dir='ltr'><strong>imponere?</strong></span> 
     </span>
     <span class='ocr_line' id='line_1_14' title="bbox 314 591 916 646; baseline -0.012 -6"><span class='ocrx_word' id='word_1_28' title='bbox 314 594 553 646; x_wconf 74' lang='lat' dir='ltr'>Obiectum</span> <span class='ocrx_word' id='word_1_29' title='bbox 597 593 719 634; x_wconf 83' lang='lat' dir='ltr'>enim</span> <span class='ocrx_word' id='word_1_30' title='bbox 751 591 916 634; x_wconf 89' lang='lat' dir='ltr'>Salva-</span> 
     </span>
     <span class='ocr_line' id='line_1_15' title="bbox 313 651 916 701; baseline -0.012 -1"><span class='ocrx_word' id='word_1_31' title='bbox 313 656 419 701; x_wconf 81' lang='lat' dir='ltr'>toris</span> <span class='ocrx_word' id='word_1_32' title='bbox 458 653 596 696; x_wconf 85' lang='lat' dir='ltr'>nostri</span> <span class='ocrx_word' id='word_1_33' title='bbox 620 653 667 694; x_wconf 89' lang='lat' dir='ltr'>in</span> <span class='ocrx_word' id='word_1_34' title='bbox 701 653 786 693; x_wconf 93' lang='lat' dir='ltr'>hoc</span> <span class='ocrx_word' id='word_1_35' title='bbox 818 651 916 693; x_wconf 91' lang='lat' dir='ltr'>loco</span> 
     </span>
     <span class='ocr_line' id='line_1_16' title="bbox 308 712 917 759; baseline -0.013 0"><span class='ocrx_word' id='word_1_36' title='bbox 308 726 494 759; x_wconf 89' lang='lat' dir='ltr'>tantum</span> <span class='ocrx_word' id='word_1_37' title='bbox 511 721 577 754; x_wconf 86' lang='lat' dir='ltr'>est</span> <span class='ocrx_word' id='word_1_38' title='bbox 605 712 824 755; x_wconf 88' lang='lat' dir='ltr'>adhortari</span> <span class='ocrx_word' id='word_1_39' title='bbox 838 722 917 752; x_wconf 87' lang='lat' dir='ltr'>nos</span> 
     </span>
     <span class='ocr_line' id='line_1_17' title="bbox 307 771 919 830; baseline -0.01 -12"><span class='ocrx_word' id='word_1_40' title='bbox 307 776 363 819; x_wconf 90' lang='lat' dir='ltr'>ad</span> <span class='ocrx_word' id='word_1_41' title='bbox 399 786 531 830; x_wconf 86' lang='lat' dir='ltr'>opera</span> <span class='ocrx_word' id='word_1_42' title='bbox 577 771 883 814; x_wconf 72' lang='lat' dir='ltr'>misericordia:</span> <span class='ocrx_word' id='word_1_43' title='bbox 905 801 919 819; x_wconf 87' lang='lat'><strong><em>,</em></strong></span> 
     </span>
     <span class='ocr_line' id='line_1_18' title="bbox 307 832 917 888; baseline -0.01 -11"><span class='ocrx_word' id='word_1_44' title='bbox 307 849 402 877; x_wconf 86' lang='lat' dir='ltr'>non</span> <span class='ocrx_word' id='word_1_45' title='bbox 433 835 577 876; x_wconf 84' lang='lat' dir='ltr'>solum</span> <span class='ocrx_word' id='word_1_46' title='bbox 609 844 710 888; x_wconf 87' lang='lat' dir='ltr'>erga</span> <span class='ocrx_word' id='word_1_47' title='bbox 737 832 917 880; x_wconf 86' lang='lat' dir='ltr'>amicos,</span> 
     </span>
     <span class='ocr_line' id='line_1_19' title="bbox 307 891 916 948; baseline -0.01 -10"><span class='ocrx_word' id='word_1_48' title='bbox 307 896 385 938; x_wconf 87' lang='lat' dir='ltr'>sed</span> <span class='ocrx_word' id='word_1_49' title='bbox 416 895 553 938; x_wconf 88' lang='lat' dir='ltr'>etiam</span> <span class='ocrx_word' id='word_1_50' title='bbox 575 905 677 948; x_wconf 85' lang='lat' dir='ltr'>erga</span> <span class='ocrx_word' id='word_1_51' title='bbox 696 891 916 939; x_wconf 84' lang='lat' dir='ltr'>inimicos,</span> 
     </span>
     <span class='ocr_line' id='line_1_20' title="bbox 307 949 917 1008; baseline -0.008 -11"><span class='ocrx_word' id='word_1_52' title='bbox 307 968 362 999; x_wconf 85' lang='lat' dir='ltr'>ut</span> <span class='ocrx_word' id='word_1_53' title='bbox 378 971 431 997; x_wconf 78' lang='lat' dir='ltr'>ex</span> <span class='ocrx_word' id='word_1_54' title='bbox 468 951 816 1008; x_wconf 60' lang='lat' dir='ltr'>praecedentibus</span> <span class='ocrx_word' id='word_1_55' title='bbox 836 981 847 998; x_wconf 88' lang='lat'>,</span> <span class='ocrx_word' id='word_1_56' title='bbox 869 949 917 992; x_wconf 66' lang='grc' dir='ltr'>δι</span> 
     </span>
     <span class='ocr_line' id='line_1_21' title="bbox 312 1012 918 1071; baseline -0.008 -14"><span class='ocrx_word' id='word_1_57' title='bbox 312 1013 602 1071; x_wconf 77' lang='lat' dir='ltr'>sequentibus</span> <span class='ocrx_word' id='word_1_58' title='bbox 631 1012 774 1054; x_wconf 85' lang='lat' dir='ltr'>verbis</span> <span class='ocrx_word' id='word_1_59' title='bbox 798 1023 918 1065; x_wconf 83' lang='lat' dir='ltr'>‚quae</span> 
     </span>
     <span class='ocr_line' id='line_1_22' title="bbox 313 1073 918 1128; baseline -0.012 -10"><span class='ocrx_word' id='word_1_60' title='bbox 313 1076 367 1118; x_wconf 87' lang='lat' dir='ltr'>ad</span> <span class='ocrx_word' id='word_1_61' title='bbox 410 1075 530 1116; x_wconf 88' lang='lat' dir='ltr'>hunc</span> <span class='ocrx_word' id='word_1_62' title='bbox 571 1073 713 1128; x_wconf 87' lang='lat' dir='ltr'>ipsum</span> <span class='ocrx_word' id='word_1_63' title='bbox 733 1083 918 1125; x_wconf 80' lang='lat' dir='ltr'>scopum</span> 
     </span>
     <span class='ocr_line' id='line_1_23' title="bbox 312 1130 921 1186; baseline -0.015 -7"><span class='ocrx_word' id='word_1_64' title='bbox 312 1134 507 1178; x_wconf 81' lang='lat' dir='ltr'>tendunt</span> <span class='ocrx_word' id='word_1_65' title='bbox 522 1133 656 1186; x_wconf 84' lang='lat' dir='ltr'>plane</span> <span class='ocrx_word' id='word_1_66' title='bbox 675 1130 921 1186; x_wconf 73' lang='lat' dir='ltr'>colligitur?</span> 
     </span>
     <span class='ocr_line' id='line_1_24' title="bbox 376 1191 924 1236; baseline -0.009 0"><span class='ocrx_word' id='word_1_67' title='bbox 376 1194 517 1236; x_wconf 86' lang='lat' dir='ltr'>Nullo</span> <span class='ocrx_word' id='word_1_68' title='bbox 556 1191 687 1233; x_wconf 87' lang='lat' dir='ltr'>modo</span> <span class='ocrx_word' id='word_1_69' title='bbox 719 1192 809 1234; x_wconf 79' lang='lat' dir='ltr'>haec</span> <span class='ocrx_word' id='word_1_70' title='bbox 828 1203 924 1233; x_wconf 90' lang='lat' dir='ltr'>ver-</span> 
     </span>
     <span class='ocr_line' id='line_1_25' title="bbox 318 1250 921 1309; baseline -0.008 -12"><span class='ocrx_word' id='word_1_71' title='bbox 318 1257 371 1298; x_wconf 87' lang='lat' dir='ltr'>ba</span> <span class='ocrx_word' id='word_1_72' title='bbox 404 1255 458 1297; x_wconf 89' lang='lat' dir='ltr'>ad</span> <span class='ocrx_word' id='word_1_73' title='bbox 489 1265 650 1309; x_wconf 83' lang='lat' dir='ltr'>purum</span> <span class='ocrx_word' id='word_1_74' title='bbox 685 1250 921 1294; x_wconf 86' lang='lat' dir='ltr'>consilium</span> 
     </span>
     <span class='ocr_line' id='line_1_26' title="bbox 315 1311 921 1368; baseline -0.012 -10"><span class='ocrx_word' id='word_1_75' title='bbox 315 1315 468 1358; x_wconf 81' lang='lat' dir='ltr'>reduci</span> <span class='ocrx_word' id='word_1_76' title='bbox 500 1322 682 1368; x_wconf 84' lang='lat' dir='ltr'>possunt</span> <span class='ocrx_word' id='word_1_77' title='bbox 702 1341 715 1359; x_wconf 85' lang='lat'>,</span> <span class='ocrx_word' id='word_1_78' title='bbox 752 1312 856 1365; x_wconf 79' lang='lat' dir='ltr'>quia</span> <span class='ocrx_word' id='word_1_79' title='bbox 872 1311 921 1352; x_wconf 88' lang='lat' dir='ltr'>li-</span> 
     </span>
     <span class='ocr_line' id='line_1_27' title="bbox 318 1374 918 1428; baseline -0.012 -12"><span class='ocrx_word' id='word_1_80' title='bbox 318 1374 483 1417; x_wconf 77' lang='lat' dir='ltr'>cetina</span> <span class='ocrx_word' id='word_1_81' title='bbox 506 1374 645 1428; x_wconf 82' lang='lat' dir='ltr'>prima</span> <span class='ocrx_word' id='word_1_82' title='bbox 670 1389 680 1411; x_wconf 90' lang='lat'>:</span> <span class='ocrx_word' id='word_1_83' title='bbox 716 1383 918 1412; x_wconf 74' lang='lat' dir='ltr'>mutuum</span> 
     </span>
     <span class='ocr_line' id='line_1_28' title="bbox 318 1430 922 1479; baseline -0.008 -1"><span class='ocrx_word' id='word_1_84' title='bbox 318 1437 424 1478; x_wconf 75' lang='lat' dir='ltr'>date</span> <span class='ocrx_word' id='word_1_85' title='bbox 461 1433 594 1475; x_wconf 85' lang='lat' dir='ltr'>solius</span> <span class='ocrx_word' id='word_1_86' title='bbox 623 1430 794 1472; x_wconf 88' lang='lat' dir='ltr'>consilii</span> <span class='ocrx_word' id='word_1_87' title='bbox 813 1431 922 1479; x_wconf 81' lang='lat' dir='ltr'>sint,</span> 
     </span>
     <span class='ocr_line' id='line_1_29' title="bbox 318 1491 923 1549; baseline -0.008 -12"><span class='ocrx_word' id='word_1_88' title='bbox 318 1496 426 1549; x_wconf 87' lang='lat' dir='ltr'>quia</span> <span class='ocrx_word' id='word_1_89' title='bbox 459 1491 798 1539; x_wconf 85' lang='lat' dir='ltr'>occasiones‚in</span> <span class='ocrx_word' id='word_1_90' title='bbox 828 1491 923 1544; x_wconf 84' lang='lat' dir='ltr'>qui-</span> 
     </span>
     <span class='ocr_line' id='line_1_30' title="bbox 319 1552 924 1607; baseline -0.01 -11"><span class='ocrx_word' id='word_1_91' title='bbox 319 1557 400 1596; x_wconf 85' lang='lat' dir='ltr'>bus</span> <span class='ocrx_word' id='word_1_92' title='bbox 452 1553 702 1607; x_wconf 80' lang='lat' dir='ltr'>obligamur</span> <span class='ocrx_word' id='word_1_93' title='bbox 766 1552 924 1605; x_wconf 81' lang='lat' dir='ltr'>proxi-</span> 
     </span>
     <span class='ocr_line' id='line_1_31' title="bbox 319 1611 925 1666; baseline -0.013 -10"><span class='ocrx_word' id='word_1_94' title='bbox 319 1627 448 1656; x_wconf 87' lang='lat' dir='ltr'>mum</span> <span class='ocrx_word' id='word_1_95' title='bbox 506 1611 700 1666; x_wconf 80' lang='lat' dir='ltr'>simplici</span> <span class='ocrx_word' id='word_1_96' title='bbox 766 1621 925 1653; x_wconf 90' lang='lat' dir='ltr'>mutuo</span> 
     </span>
    </p>
   </div>
   <div class='ocr_carea' id='block_1_7' title="bbox 320 1670 929 1724">
    <p class='ocr_par' dir='ltr' id='par_1_7' title="bbox 320 1670 929 1724">
     <span class='ocr_line' id='line_1_32' title="bbox 320 1670 929 1724; baseline -0.007 -9"><span class='ocrx_word' id='word_1_97' title='bbox 320 1685 573 1716; x_wconf 80' lang='lat' dir='ltr'>succurrere</span> <span class='ocrx_word' id='word_1_98' title='bbox 586 1702 598 1720; x_wconf 88' lang='lat'>‚</span> <span class='ocrx_word' id='word_1_99' title='bbox 614 1682 704 1712; x_wconf 88' lang='lat' dir='ltr'>non</span> <span class='ocrx_word' id='word_1_100' title='bbox 726 1670 929 1724; x_wconf 88' lang='lat' dir='ltr'>frequen-</span> 
     </span>
    </p>
   </div>
   <div class='ocr_carea' id='block_1_8' title="bbox 317 1740 927 2559">
    <p class='ocr_par' dir='ltr' id='par_1_8' title="bbox 317 1740 927 2251">
     <span class='ocr_line' id='line_1_33' title="bbox 323 1740 924 1780; baseline -0.012 -5"><span class='ocrx_word' id='word_1_101' title='bbox 323 1746 391 1775; x_wconf 77' lang='lat' dir='ltr'>ter</span> <span class='ocrx_word' id='word_1_102' title='bbox 415 1741 652 1773; x_wconf 88' lang='lat' dir='ltr'>occurrunt</span> <span class='ocrx_word' id='word_1_103' title='bbox 675 1747 688 1780; x_wconf 90' lang='grc'>;</span> <span class='ocrx_word' id='word_1_104' title='bbox 717 1740 924 1771; x_wconf 79' lang='lat' dir='ltr'>attamen</span> 
     </span>
     <span class='ocr_line' id='line_1_34' title="bbox 318 1788 927 1835; baseline -0.008 -2"><span class='ocrx_word' id='word_1_105' title='bbox 318 1792 479 1835; x_wconf 84' lang='lat' dir='ltr'>ultima</span> <span class='ocrx_word' id='word_1_106' title='bbox 506 1792 640 1832; x_wconf 82' lang='lat' dir='ltr'>verba</span> <span class='ocrx_word' id='word_1_107' title='bbox 658 1806 672 1832; x_wconf 87' lang='grc'>;</span> <span class='ocrx_word' id='word_1_108' title='bbox 690 1789 804 1830; x_wconf 74' lang='lat' dir='ltr'>nihil</span> <span class='ocrx_word' id='word_1_109' title='bbox 823 1788 927 1829; x_wconf 72' lang='lat' dir='ltr'>inde</span> 
     </span>
     <span class='ocr_line' id='line_1_35' title="bbox 326 1847 925 1909; baseline -0.008 -15"><span class='ocrx_word' id='word_1_110' title='bbox 326 1863 560 1909; x_wconf 76' lang='lat' dir='ltr'>sperantes</span> <span class='ocrx_word' id='word_1_111' title='bbox 579 1847 925 1896; x_wconf 81' lang='lat' dir='ltr'>continent,ve1</span> 
     </span>
     <span class='ocr_line' id='line_1_36' title="bbox 317 1906 925 1967; baseline -0.005 -15"><span class='ocrx_word' id='word_1_112' title='bbox 317 1920 641 1967; x_wconf 82' lang='lat' dir='ltr'>praesuponunt</span> <span class='ocrx_word' id='word_1_113' title='bbox 690 1906 890 1950; x_wconf 86' lang='lat' dir='ltr'>naturale</span> <span class='ocrx_word' id='word_1_114' title='bbox 911 1937 925 1957; x_wconf 86' lang='lat'><strong>,</strong></span> 
     </span>
     <span class='ocr_line' id='line_1_37' title="bbox 321 1970 923 2026; baseline -0.008 -13"><span class='ocrx_word' id='word_1_115' title='bbox 321 1970 368 2013; x_wconf 68' lang='grc' dir='ltr'>δί</span> <span class='ocrx_word' id='word_1_116' title='bbox 385 1971 630 2026; x_wconf 86' lang='lat' dir='ltr'>positivum</span> <span class='ocrx_word' id='word_1_117' title='bbox 655 1977 923 2023; x_wconf 68' lang='lat' dir='ltr'>praeceptum</span> 
     </span>
     <span class='ocr_line' id='line_1_38' title="bbox 321 2028 925 2084; baseline -0.007 -12"><span class='ocrx_word' id='word_1_118' title='bbox 321 2030 436 2074; x_wconf 82' lang='lat' dir='ltr'>nihil</span> <span class='ocrx_word' id='word_1_119' title='bbox 472 2043 525 2071; x_wconf 80' lang='lat' dir='ltr'>ex</span> <span class='ocrx_word' id='word_1_120' title='bbox 559 2038 716 2070; x_wconf 88' lang='lat' dir='ltr'>mutuo</span> <span class='ocrx_word' id='word_1_121' title='bbox 749 2028 925 2084; x_wconf 85' lang='lat' dir='ltr'>exigen-</span> 
     </span>
     <span class='ocr_line' id='line_1_39' title="bbox 325 2083 923 2144; baseline -0.005 -15"><span class='ocrx_word' id='word_1_122' title='bbox 325 2089 394 2137; x_wconf 79' lang='lat' dir='ltr'>di,</span> <span class='ocrx_word' id='word_1_123' title='bbox 425 2100 502 2131; x_wconf 89' lang='lat' dir='ltr'>aut</span> <span class='ocrx_word' id='word_1_124' title='bbox 523 2088 725 2144; x_wconf 86' lang='lat' dir='ltr'>sperandi</span> <span class='ocrx_word' id='word_1_125' title='bbox 749 2116 762 2134; x_wconf 89' lang='lat'>‚</span> <span class='ocrx_word' id='word_1_126' title='bbox 789 2083 923 2140; x_wconf 83' lang='lat' dir='ltr'>-cujus</span> 
     </span>
     <span class='ocr_line' id='line_1_40' title="bbox 322 2147 921 2191; baseline -0.005 -1"><span class='ocrx_word' id='word_1_127' title='bbox 322 2149 646 2191; x_wconf 81' lang='lat' dir='ltr'>observantiam</span> <span class='ocrx_word' id='word_1_128' title='bbox 714 2147 921 2188; x_wconf 85' lang='lat' dir='ltr'>omnibus</span> 
     </span>
     <span class='ocr_line' id='line_1_41' title="bbox 323 2208 587 2251; baseline -0.015 0"><span class='ocrx_word' id='word_1_129' title='bbox 323 2208 551 2251; x_wconf 84' lang='lat' dir='ltr'>inculcant</span> <span class='ocrx_word' id='word_1_130' title='bbox 567 2210 587 2247; x_wconf 72' lang='lat'>22</span> 
     </span>
    </p>

    <p class='ocr_par' dir='ltr' id='par_1_9' title="bbox 325 2266 924 2368">
     <span class='ocr_line' id='line_1_42' title="bbox 371 2266 924 2324; baseline 0.004 -17"><span class='ocrx_word' id='word_1_131' title='bbox 371 2267 603 2324; x_wconf 80' lang='lat' dir='ltr'>Quomodo</span> <span class='ocrx_word' id='word_1_132' title='bbox 637 2266 720 2308; x_wconf 88' lang='lat' dir='ltr'>hoc</span> <span class='ocrx_word' id='word_1_133' title='bbox 758 2266 924 2320; x_wconf 84' lang='lat' dir='ltr'>poterit</span> 
     </span>
     <span class='ocr_line' id='line_1_43' title="bbox 325 2326 656 2368; baseline -0.003 -2"><span class='ocrx_word' id='word_1_134' title='bbox 325 2326 614 2368; x_wconf 77' lang='lat' dir='ltr'>demonstrari</span> <span class='ocrx_word' id='word_1_135' title='bbox 636 2328 656 2365; x_wconf 67' lang='grc' dir='ltr'>’.ἒ</span> 
     </span>
    </p>

    <p class='ocr_par' dir='ltr' id='par_1_10' title="bbox 324 2386 924 2559">
     <span class='ocr_line' id='line_1_44' title="bbox 369 2386 924 2440; baseline -0.004 -14"><span class='ocrx_word' id='word_1_136' title='bbox 369 2387 434 2426; x_wconf 79' lang='lat' dir='ltr'>Ex</span> <span class='ocrx_word' id='word_1_137' title='bbox 466 2388 556 2440; x_wconf 83' lang='lat' dir='ltr'>ipso</span> <span class='ocrx_word' id='word_1_138' title='bbox 570 2386 803 2428; x_wconf 78' lang='lat' dir='ltr'>verborum</span> <span class='ocrx_word' id='word_1_139' title='bbox 821 2396 924 2424; x_wconf 90' lang='lat' dir='ltr'>con-</span> 
     </span>
     <span class='ocr_line' id='line_1_45' title="bbox 334 2440 922 2498; baseline -0.007 -11"><span class='ocrx_word' id='word_1_140' title='bbox 334 2457 482 2487; x_wconf 74' lang='lat' dir='ltr'>textu:</span> <span class='ocrx_word' id='word_1_141' title='bbox 507 2474 534 2491; x_wconf 78' lang='grc'>,,</span> <span class='ocrx_word' id='word_1_142' title='bbox 565 2444 641 2487; x_wconf 61' lang='lat' dir='ltr'>Ere</span> <span class='ocrx_word' id='word_1_143' title='bbox 666 2443 706 2484; x_wconf 82' lang='lat' dir='ltr'>si</span> <span class='ocrx_word' id='word_1_144' title='bbox 733 2440 922 2498; x_wconf 70' lang='lat' dir='ltr'>diligitis</span> 
     </span>
     <span class='ocr_line' id='line_1_46' title="bbox 324 2490 924 2559; baseline -0.003 -14"><span class='ocrx_word' id='word_1_145' title='bbox 324 2532 354 2553; x_wconf 88' lang='lat'>‚,</span> <span class='ocrx_word' id='word_1_146' title='bbox 381 2518 454 2545; x_wconf 86' lang='lat' dir='ltr'>eos</span> <span class='ocrx_word' id='word_1_147' title='bbox 477 2533 489 2551; x_wconf 86' lang='lat'>‚</span> <span class='ocrx_word' id='word_1_148' title='bbox 512 2490 702 2557; x_wconf 52' lang='lat' dir='ltr'>qufflws</span> <span class='ocrx_word' id='word_1_149' title='bbox 726 2501 924 2559; x_wconf 75' lang='lat' dir='ltr'>dili9unt</span> 
     </span>
    </p>
   </div>
   <div class='ocr_carea' id='block_1_9' title="bbox 1084 230 1700 2603">
    <p class='ocr_par' dir='ltr' id='par_1_11' title="bbox 1084 230 1700 2557">
     <span class='ocr_line' id='line_1_47' title="bbox 1088 230 1692 286; baseline 0.01 -14"><span class='ocrx_word' id='word_1_150' title='bbox 1088 262 1119 283; x_wconf 88' lang='lat'>,‚</span> <span class='ocrx_word' id='word_1_151' title='bbox 1151 231 1302 286; x_wconf 81' lang='lat' dir='ltr'>inquit</span> <span class='ocrx_word' id='word_1_152' title='bbox 1341 230 1559 274; x_wconf 83' lang='lat' dir='ltr'>Dominus</span> <span class='ocrx_word' id='word_1_153' title='bbox 1593 245 1692 278; x_wconf 82' lang='lat' dir='ltr'>ver.</span> 
     </span>
     <span class='ocr_line' id='line_1_48' title="bbox 1088 290 1692 346; baseline 0 -12"><span class='ocrx_word' id='word_1_154' title='bbox 1088 322 1121 342; x_wconf 84' lang='lat'>„</span> <span class='ocrx_word' id='word_1_155' title='bbox 1154 304 1230 341; x_wconf 80' lang='lat'>32.</span> <span class='ocrx_word' id='word_1_156' title='bbox 1255 322 1268 341; x_wconf 91' lang='lat'><em>‚</em></span> <span class='ocrx_word' id='word_1_157' title='bbox 1299 304 1415 346; x_wconf 75' lang='lat' dir='ltr'>quae</span> <span class='ocrx_word' id='word_1_158' title='bbox 1461 290 1590 334; x_wconf 84' lang='lat' dir='ltr'>vobis</span> <span class='ocrx_word' id='word_1_159' title='bbox 1625 305 1692 338; x_wconf 81' lang='lat' dir='ltr'>esc</span> 
     </span>
     <span class='ocr_line' id='line_1_49' title="bbox 1087 349 1692 410; baseline -0.01 -15"><span class='ocrx_word' id='word_1_160' title='bbox 1087 382 1118 402; x_wconf 81' lang='lat'>,‚</span> <span class='ocrx_word' id='word_1_161' title='bbox 1143 354 1306 410; x_wconf 68' lang='lat' dir='ltr'>gratia</span> <span class='ocrx_word' id='word_1_162' title='bbox 1329 383 1339 393; x_wconf 87' lang='lat'><strong>.</strong></span> <span class='ocrx_word' id='word_1_163' title='bbox 1360 353 1477 394; x_wconf 88' lang='lat' dir='ltr'>Nam</span> <span class='ocrx_word' id='word_1_164' title='bbox 1495 382 1508 401; x_wconf 84' lang='lat'>‚</span> <span class='ocrx_word' id='word_1_165' title='bbox 1529 349 1575 394; x_wconf 70' lang='grc' dir='ltr'>ἃ</span> <span class='ocrx_word' id='word_1_166' title='bbox 1592 368 1692 410; x_wconf 71' lang='lat' dir='ltr'>pec.</span> 
     </span>
     <span class='ocr_line' id='line_1_50' title="bbox 1087 411 1693 470; baseline 0.005 -16"><span class='ocrx_word' id='word_1_167' title='bbox 1087 442 1116 462; x_wconf 84' lang='lat'>„</span> <span class='ocrx_word' id='word_1_168' title='bbox 1148 425 1313 456; x_wconf 88' lang='lat' dir='ltr'>catores</span> <span class='ocrx_word' id='word_1_169' title='bbox 1364 411 1602 470; x_wconf 79' lang='lat' dir='ltr'>diligentes</span> <span class='ocrx_word' id='word_1_170' title='bbox 1647 429 1693 460; x_wconf 88' lang='lat' dir='ltr'>se</span> 
     </span>
     <span class='ocr_line' id='line_1_51' title="bbox 1086 469 1694 530; baseline -0.005 -16"><span class='ocrx_word' id='word_1_171' title='bbox 1086 501 1118 522; x_wconf 88' lang='lat'>‚,</span> <span class='ocrx_word' id='word_1_172' title='bbox 1150 473 1380 530; x_wconf 82' lang='lat' dir='ltr'>diligunt;</span> <span class='ocrx_word' id='word_1_173' title='bbox 1418 469 1465 514; x_wconf 69' lang='grc' dir='ltr'>δι</span> <span class='ocrx_word' id='word_1_174' title='bbox 1504 474 1694 518; x_wconf 90' lang='lat' dir='ltr'>sibene-</span> 
     </span>
     <span class='ocr_line' id='line_1_52' title="bbox 1084 531 1696 588; baseline -0.005 -15"><span class='ocrx_word' id='word_1_175' title='bbox 1084 562 1116 581; x_wconf 90' lang='lat'>„</span> <span class='ocrx_word' id='word_1_176' title='bbox 1150 531 1341 576; x_wconf 86' lang='lat' dir='ltr'>feceritis</span> <span class='ocrx_word' id='word_1_177' title='bbox 1362 532 1429 574; x_wconf 90' lang='lat' dir='ltr'>his</span> <span class='ocrx_word' id='word_1_178' title='bbox 1463 563 1475 579; x_wconf 80' lang='lat'>‚</span> <span class='ocrx_word' id='word_1_179' title='bbox 1511 536 1588 588; x_wconf 90' lang='lat' dir='ltr'>qui</span> <span class='ocrx_word' id='word_1_180' title='bbox 1619 548 1696 579; x_wconf 86' lang='lat' dir='ltr'>vo.</span> 
     </span>
     <span class='ocr_line' id='line_1_53' title="bbox 1085 591 1692 649; baseline 0.012 -18"><span class='ocrx_word' id='word_1_181' title='bbox 1085 621 1117 641; x_wconf 83' lang='lat'><strong>„</strong></span> <span class='ocrx_word' id='word_1_182' title='bbox 1152 592 1214 634; x_wconf 90' lang='lat' dir='ltr'>bis</span> <span class='ocrx_word' id='word_1_183' title='bbox 1253 591 1541 637; x_wconf 86' lang='lat' dir='ltr'>benefaciunt</span> <span class='ocrx_word' id='word_1_184' title='bbox 1560 624 1572 642; x_wconf 86' lang='lat'>,</span> <span class='ocrx_word' id='word_1_185' title='bbox 1594 608 1692 649; x_wconf 84' lang='lat' dir='ltr'>quae</span> 
     </span>
     <span class='ocr_line' id='line_1_54' title="bbox 1086 652 1694 708; baseline 0.008 -15"><span class='ocrx_word' id='word_1_186' title='bbox 1086 680 1120 702; x_wconf 84' lang='lat'>‚‚</span> <span class='ocrx_word' id='word_1_187' title='bbox 1149 652 1274 694; x_wconf 86' lang='lat' dir='ltr'>vobis</span> <span class='ocrx_word' id='word_1_188' title='bbox 1319 662 1383 695; x_wconf 88' lang='lat' dir='ltr'>est</span> <span class='ocrx_word' id='word_1_189' title='bbox 1412 655 1585 708; x_wconf 76' lang='lat' dir='ltr'>gratia?</span> <span class='ocrx_word' id='word_1_190' title='bbox 1618 656 1694 697; x_wconf 88' lang='lat' dir='ltr'>Si-</span> 
     </span>
     <span class='ocr_line' id='line_1_55' title="bbox 1096 711 1695 768; baseline 0.008 -16"><span class='ocrx_word' id='word_1_191' title='bbox 1096 742 1129 762; x_wconf 88' lang='lat'>„</span> <span class='ocrx_word' id='word_1_192' title='bbox 1158 713 1340 767; x_wconf 84' lang='lat' dir='ltr'>quidem</span> <span class='ocrx_word' id='word_1_193' title='bbox 1367 741 1379 759; x_wconf 85' lang='lat'><strong>‚</strong></span> <span class='ocrx_word' id='word_1_194' title='bbox 1417 711 1462 754; x_wconf 83' lang='lat'>&amp;</span> <span class='ocrx_word' id='word_1_195' title='bbox 1492 726 1695 768; x_wconf 85' lang='lat' dir='ltr'>peecato-</span> 
     </span>
     <span class='ocr_line' id='line_1_56' title="bbox 1088 771 1693 824; baseline 0.005 -11"><span class='ocrx_word' id='word_1_196' title='bbox 1088 801 1120 821; x_wconf 79' lang='lat'>‚,</span> <span class='ocrx_word' id='word_1_197' title='bbox 1152 786 1217 815; x_wconf 88' lang='lat' dir='ltr'>res</span> <span class='ocrx_word' id='word_1_198' title='bbox 1250 777 1331 816; x_wconf 87' lang='lat' dir='ltr'>hoc</span> <span class='ocrx_word' id='word_1_199' title='bbox 1362 771 1639 824; x_wconf 82' lang='lat' dir='ltr'>faciunt;Et</span> <span class='ocrx_word' id='word_1_200' title='bbox 1656 776 1693 817; x_wconf 87' lang='lat' dir='ltr'>si</span> 
     </span>
     <span class='ocr_line' id='line_1_57' title="bbox 1088 833 1691 882; baseline 0.01 -10"><span class='ocrx_word' id='word_1_201' title='bbox 1088 861 1119 882; x_wconf 83' lang='lat'>‚,</span> <span class='ocrx_word' id='word_1_202' title='bbox 1153 843 1362 874; x_wconf 88' lang='lat' dir='ltr'>mutuum</span> <span class='ocrx_word' id='word_1_203' title='bbox 1398 833 1602 876; x_wconf 85' lang='lat' dir='ltr'>dederitis</span> <span class='ocrx_word' id='word_1_204' title='bbox 1624 835 1691 877; x_wconf 89' lang='lat' dir='ltr'>his</span> 
     </span>
     <span class='ocr_line' id='line_1_58' title="bbox 1089 893 1697 948; baseline 0.012 -18"><span class='ocrx_word' id='word_1_205' title='bbox 1089 921 1118 942; x_wconf 86' lang='lat'>„</span> <span class='ocrx_word' id='word_1_206' title='bbox 1150 907 1173 935; x_wconf 79' lang='lat' dir='ltr'>a</span> <span class='ocrx_word' id='word_1_207' title='bbox 1206 893 1366 947; x_wconf 85' lang='lat' dir='ltr'>quibus</span> <span class='ocrx_word' id='word_1_208' title='bbox 1386 894 1572 948; x_wconf 80' lang='lat' dir='ltr'>speratis</span> <span class='ocrx_word' id='word_1_209' title='bbox 1587 895 1697 936; x_wconf 88' lang='lat' dir='ltr'>reci-</span> 
     </span>
     <span class='ocr_line' id='line_1_59' title="bbox 1088 955 1694 1012; baseline 0.007 -18"><span class='ocrx_word' id='word_1_210' title='bbox 1088 981 1117 1002; x_wconf 91' lang='lat'><strong>„</strong></span> <span class='ocrx_word' id='word_1_211' title='bbox 1151 966 1289 1007; x_wconf 88' lang='lat' dir='ltr'>pere;</span> <span class='ocrx_word' id='word_1_212' title='bbox 1327 965 1424 1006; x_wconf 86' lang='lat' dir='ltr'>quae</span> <span class='ocrx_word' id='word_1_213' title='bbox 1463 955 1604 1012; x_wconf 87' lang='lat' dir='ltr'>gratia</span> <span class='ocrx_word' id='word_1_214' title='bbox 1626 965 1694 999; x_wconf 86' lang='lat' dir='ltr'>est</span> 
     </span>
     <span class='ocr_line' id='line_1_60' title="bbox 1089 1011 1696 1067; baseline 0.002 -12"><span class='ocrx_word' id='word_1_215' title='bbox 1089 1040 1120 1061; x_wconf 81' lang='lat'>‚‚</span> <span class='ocrx_word' id='word_1_216' title='bbox 1149 1013 1308 1056; x_wconf 63' lang='lat' dir='ltr'>vobis}&gt;</span> <span class='ocrx_word' id='word_1_217' title='bbox 1342 1011 1458 1054; x_wconf 83' lang='lat' dir='ltr'>Nam</span> <span class='ocrx_word' id='word_1_218' title='bbox 1483 1042 1495 1061; x_wconf 87' lang='lat'>‚</span> <span class='ocrx_word' id='word_1_219' title='bbox 1517 1011 1563 1055; x_wconf 80' lang='lat'>&amp;</span> <span class='ocrx_word' id='word_1_220' title='bbox 1596 1027 1696 1067; x_wconf 84' lang='lat' dir='ltr'>pec-</span> 
     </span>
     <span class='ocr_line' id='line_1_61' title="bbox 1090 1074 1697 1128; baseline 0.003 -14"><span class='ocrx_word' id='word_1_221' title='bbox 1090 1101 1121 1122; x_wconf 85' lang='lat'>„</span> <span class='ocrx_word' id='word_1_222' title='bbox 1151 1082 1318 1115; x_wconf 86' lang='lat' dir='ltr'>catores</span> <span class='ocrx_word' id='word_1_223' title='bbox 1391 1074 1697 1128; x_wconf 84' lang='lat' dir='ltr'>peccatoribus</span> 
     </span>
     <span class='ocr_line' id='line_1_62' title="bbox 1090 1132 1693 1180; baseline 0.003 -7"><span class='ocrx_word' id='word_1_224' title='bbox 1090 1159 1123 1180; x_wconf 83' lang='lat'>.‚</span> <span class='ocrx_word' id='word_1_225' title='bbox 1154 1132 1419 1174; x_wconf 75' lang='lat' dir='ltr'>faenerantur</span> <span class='ocrx_word' id='word_1_226' title='bbox 1450 1144 1527 1175; x_wconf 88' lang='lat' dir='ltr'>-ut</span> <span class='ocrx_word' id='word_1_227' title='bbox 1572 1135 1693 1175; x_wconf 87' lang='lat' dir='ltr'>reci-</span> 
     </span>
     <span class='ocr_line' id='line_1_63' title="bbox 1092 1190 1698 1246; baseline 0 -13"><span class='ocrx_word' id='word_1_228' title='bbox 1092 1221 1124 1241; x_wconf 85' lang='lat'><strong>„</strong></span> <span class='ocrx_word' id='word_1_229' title='bbox 1155 1193 1282 1246; x_wconf 85' lang='lat' dir='ltr'>piant</span> <span class='ocrx_word' id='word_1_230' title='bbox 1295 1190 1477 1245; x_wconf 72' lang='lat' dir='ltr'>aequalia</span> <span class='ocrx_word' id='word_1_231' title='bbox 1503 1206 1698 1242; x_wconf 77' lang='lat' dir='ltr'>3verun-</span> 
     </span>
     <span class='ocr_line' id='line_1_64' title="bbox 1091 1251 1693 1310; baseline 0.002 -17"><span class='ocrx_word' id='word_1_232' title='bbox 1091 1281 1124 1300; x_wconf 64' lang='lat'>³,</span> <span class='ocrx_word' id='word_1_233' title='bbox 1155 1262 1306 1295; x_wconf 87' lang='lat' dir='ltr'>tamen</span> <span class='ocrx_word' id='word_1_234' title='bbox 1339 1251 1514 1310; x_wconf 86' lang='lat' dir='ltr'>diligite</span> <span class='ocrx_word' id='word_1_235' title='bbox 1543 1254 1693 1294; x_wconf 88' lang='lat' dir='ltr'>inimi-</span> 
     </span>
     <span class='ocr_line' id='line_1_65' title="bbox 1091 1312 1696 1360; baseline 0.003 -8"><span class='ocrx_word' id='word_1_236' title='bbox 1091 1341 1123 1360; x_wconf 85' lang='lat'>„</span> <span class='ocrx_word' id='word_1_237' title='bbox 1153 1323 1226 1354; x_wconf 90' lang='lat' dir='ltr'>cos</span> <span class='ocrx_word' id='word_1_238' title='bbox 1245 1322 1412 1354; x_wconf 86' lang='lat' dir='ltr'>vestros</span> <span class='ocrx_word' id='word_1_239' title='bbox 1431 1341 1444 1359; x_wconf 89' lang='lat'>‚</span> <span class='ocrx_word' id='word_1_240' title='bbox 1465 1312 1696 1354; x_wconf 86' lang='lat' dir='ltr'>benefaci-</span> 
     </span>
     <span class='ocr_line' id='line_1_66' title="bbox 1091 1369 1697 1420; baseline 0 -7"><span class='ocrx_word' id='word_1_241' title='bbox 1091 1400 1122 1420; x_wconf 82' lang='lat'>,‚</span> <span class='ocrx_word' id='word_1_242' title='bbox 1154 1381 1224 1417; x_wconf 88' lang='lat' dir='ltr'>te,</span> <span class='ocrx_word' id='word_1_243' title='bbox 1261 1369 1309 1413; x_wconf 73' lang='grc'>8(</span> <span class='ocrx_word' id='word_1_244' title='bbox 1347 1382 1556 1414; x_wconf 88' lang='lat' dir='ltr'>mutuum</span> <span class='ocrx_word' id='word_1_245' title='bbox 1592 1373 1697 1415; x_wconf 86' lang='lat' dir='ltr'>date</span> 
     </span>
     <span class='ocr_line' id='line_1_67' title="bbox 1091 1429 1694 1486; baseline 0.005 -16"><span class='ocrx_word' id='word_1_246' title='bbox 1091 1460 1122 1479; x_wconf 83' lang='lat'>„</span> <span class='ocrx_word' id='word_1_247' title='bbox 1155 1429 1269 1472; x_wconf 84' lang='lat' dir='ltr'>nihil</span> <span class='ocrx_word' id='word_1_248' title='bbox 1301 1429 1407 1472; x_wconf 88' lang='lat' dir='ltr'>inde</span> <span class='ocrx_word' id='word_1_249' title='bbox 1439 1443 1694 1486; x_wconf 79' lang='lat' dir='ltr'>sperantes:</span> 
     </span>
     <span class='ocr_line' id='line_1_68' title="bbox 1089 1489 1697 1540; baseline 0.002 -8"><span class='ocrx_word' id='word_1_250' title='bbox 1089 1521 1123 1540; x_wconf 79' lang='lat'>‚,</span> <span class='ocrx_word' id='word_1_251' title='bbox 1156 1489 1202 1532; x_wconf 68' lang='grc' dir='ltr'>ἃ</span> <span class='ocrx_word' id='word_1_252' title='bbox 1231 1491 1314 1532; x_wconf 86' lang='lat' dir='ltr'>erit</span> <span class='ocrx_word' id='word_1_253' title='bbox 1351 1504 1516 1532; x_wconf 87' lang='lat' dir='ltr'>merces</span> <span class='ocrx_word' id='word_1_254' title='bbox 1549 1502 1697 1533; x_wconf 83' lang='lat' dir='ltr'>vestra</span> 
     </span>
     <span class='ocr_line' id='line_1_69' title="bbox 1091 1547 1696 1600; baseline 0.003 -9"><span class='ocrx_word' id='word_1_255' title='bbox 1091 1581 1120 1600; x_wconf 79' lang='lat'>‚,</span> <span class='ocrx_word' id='word_1_256' title='bbox 1154 1550 1294 1591; x_wconf 77' lang='lat' dir='ltr'>multa</span> <span class='ocrx_word' id='word_1_257' title='bbox 1317 1579 1329 1597; x_wconf 87' lang='lat'>,</span> <span class='ocrx_word' id='word_1_258' title='bbox 1379 1547 1426 1592; x_wconf 61' lang='lat' dir='ltr'>Sc</span> <span class='ocrx_word' id='word_1_259' title='bbox 1459 1552 1580 1593; x_wconf 82' lang='lat' dir='ltr'>eritis</span> <span class='ocrx_word' id='word_1_260' title='bbox 1614 1549 1696 1593; x_wconf 78' lang='lat' dir='ltr'>filii</span> 
     </span>
     <span class='ocr_line' id='line_1_70' title="bbox 1093 1609 1700 1665; baseline 0.003 -15"><span class='ocrx_word' id='word_1_261' title='bbox 1093 1640 1121 1660; x_wconf 86' lang='lat'>,‚</span> <span class='ocrx_word' id='word_1_262' title='bbox 1165 1609 1412 1659; x_wconf 86' lang='lat' dir='ltr'>Altissimi,</span> <span class='ocrx_word' id='word_1_263' title='bbox 1452 1611 1560 1664; x_wconf 85' lang='lat' dir='ltr'>quia</span> <span class='ocrx_word' id='word_1_264' title='bbox 1603 1610 1700 1665; x_wconf 79' lang='lat' dir='ltr'>ipse</span> 
     </span>
     <span class='ocr_line' id='line_1_71' title="bbox 1091 1669 1698 1726; baseline -0.002 -15"><span class='ocrx_word' id='word_1_265' title='bbox 1091 1700 1120 1721; x_wconf 78' lang='lat'>‚,</span> <span class='ocrx_word' id='word_1_266' title='bbox 1153 1669 1367 1726; x_wconf 86' lang='lat' dir='ltr'>benignus</span> <span class='ocrx_word' id='word_1_267' title='bbox 1404 1681 1472 1711; x_wconf 87' lang='lat' dir='ltr'>est</span> <span class='ocrx_word' id='word_1_268' title='bbox 1489 1670 1698 1724; x_wconf 86' lang='lat' dir='ltr'>superin-</span> 
     </span>
     <span class='ocr_line' id='line_1_72' title="bbox 1090 1726 1699 1786; baseline 0.002 -16"><span class='ocrx_word' id='word_1_269' title='bbox 1090 1760 1120 1779; x_wconf 84' lang='lat'>„</span> <span class='ocrx_word' id='word_1_270' title='bbox 1150 1738 1295 1786; x_wconf 86' lang='lat' dir='ltr'>gratos</span> <span class='ocrx_word' id='word_1_271' title='bbox 1313 1758 1326 1776; x_wconf 88' lang='lat'>‚</span> <span class='ocrx_word' id='word_1_272' title='bbox 1344 1726 1389 1770; x_wconf 69' lang='lat' dir='ltr'>Sc</span> <span class='ocrx_word' id='word_1_273' title='bbox 1407 1727 1544 1771; x_wconf 83' lang='lat' dir='ltr'>malos</span> <span class='ocrx_word' id='word_1_274' title='bbox 1565 1759 1575 1770; x_wconf 89' lang='lat'>.</span> <span class='ocrx_word' id='word_1_275' title='bbox 1595 1728 1699 1784; x_wconf 78' lang='lat' dir='ltr'>Qui-</span> 
     </span>
     <span class='ocr_line' id='line_1_73' title="bbox 1092 1787 1698 1831; baseline -0.003 0"><span class='ocrx_word' id='word_1_276' title='bbox 1092 1792 1172 1831; x_wconf 86' lang='lat' dir='ltr'>bus</span> <span class='ocrx_word' id='word_1_277' title='bbox 1209 1787 1352 1831; x_wconf 85' lang='lat' dir='ltr'>verbis</span> <span class='ocrx_word' id='word_1_278' title='bbox 1403 1789 1698 1831; x_wconf 83' lang='lat' dir='ltr'>consuetudi-</span> 
     </span>
     <span class='ocr_line' id='line_1_74' title="bbox 1092 1858 1696 1896; baseline -0.003 -5"><span class='ocrx_word' id='word_1_279' title='bbox 1092 1862 1198 1891; x_wconf 89' lang='lat' dir='ltr'>nem</span> <span class='ocrx_word' id='word_1_280' title='bbox 1218 1859 1448 1896; x_wconf 87' lang='lat' dir='ltr'>memorat,</span> <span class='ocrx_word' id='word_1_281' title='bbox 1465 1859 1570 1890; x_wconf 87' lang='lat' dir='ltr'>tunc</span> <span class='ocrx_word' id='word_1_282' title='bbox 1590 1858 1696 1889; x_wconf 86' lang='lat' dir='ltr'>tem-</span> 
     </span>
     <span class='ocr_line' id='line_1_75' title="bbox 1092 1908 1695 1964; baseline -0.003 -14"><span class='ocrx_word' id='word_1_283' title='bbox 1092 1909 1210 1964; x_wconf 86' lang='lat' dir='ltr'>poris</span> <span class='ocrx_word' id='word_1_284' title='bbox 1268 1908 1502 1963; x_wconf 73' lang='lat' dir='ltr'>praesertim</span> <span class='ocrx_word' id='word_1_285' title='bbox 1576 1908 1695 1950; x_wconf 85' lang='lat' dir='ltr'>inter</span> 
     </span>
     <span class='ocr_line' id='line_1_76' title="bbox 1094 1966 1694 2022; baseline 0 -13"><span class='ocrx_word' id='word_1_286' title='bbox 1094 1966 1297 2010; x_wconf 76' lang='lat' dir='ltr'>Gentiles</span> <span class='ocrx_word' id='word_1_287' title='bbox 1317 1995 1329 2013; x_wconf 86' lang='lat'>‚</span> <span class='ocrx_word' id='word_1_288' title='bbox 1359 1977 1468 2020; x_wconf 87' lang='lat' dir='ltr'>quos</span> <span class='ocrx_word' id='word_1_289' title='bbox 1494 1977 1694 2022; x_wconf 87' lang='lat' dir='ltr'>peccato—</span> 
     </span>
     <span class='ocr_line' id='line_1_77' title="bbox 1089 2025 1693 2075; baseline -0.003 -7"><span class='ocrx_word' id='word_1_290' title='bbox 1089 2040 1154 2069; x_wconf 86' lang='lat' dir='ltr'>res</span> <span class='ocrx_word' id='word_1_291' title='bbox 1203 2025 1406 2068; x_wconf 81' lang='lat' dir='ltr'>nominat</span> <span class='ocrx_word' id='word_1_292' title='bbox 1424 2056 1438 2075; x_wconf 90' lang='lat'>‚</span> <span class='ocrx_word' id='word_1_293' title='bbox 1485 2037 1693 2068; x_wconf 83' lang='lat' dir='ltr'>commu-</span> 
     </span>
     <span class='ocr_line' id='line_1_78' title="bbox 1090 2083 1693 2129; baseline 0 -1"><span class='ocrx_word' id='word_1_294' title='bbox 1090 2100 1196 2129; x_wconf 88' lang='lat' dir='ltr'>nem</span> <span class='ocrx_word' id='word_1_295' title='bbox 1229 2098 1275 2126; x_wconf 93' lang='lat' dir='ltr'>se</span> <span class='ocrx_word' id='word_1_296' title='bbox 1307 2083 1469 2127; x_wconf 82' lang='lat' dir='ltr'>faenore</span> <span class='ocrx_word' id='word_1_297' title='bbox 1522 2087 1693 2129; x_wconf 83' lang='lat' dir='ltr'>subve-</span> 
     </span>
     <span class='ocr_line' id='line_1_79' title="bbox 1091 2144 1695 2188; baseline 0 -1"><span class='ocrx_word' id='word_1_298' title='bbox 1091 2145 1244 2187; x_wconf 85' lang='lat' dir='ltr'>niendi</span> <span class='ocrx_word' id='word_1_299' title='bbox 1274 2144 1320 2184; x_wconf 89' lang='lat' dir='ltr'>in</span> <span class='ocrx_word' id='word_1_300' title='bbox 1354 2146 1523 2188; x_wconf 88' lang='lat' dir='ltr'>mutuis</span> <span class='ocrx_word' id='word_1_301' title='bbox 1551 2158 1695 2187; x_wconf 85' lang='lat' dir='ltr'>neces-</span> 
     </span>
     <span class='ocr_line' id='line_1_80' title="bbox 1089 2202 1693 2260; baseline 0 -14"><span class='ocrx_word' id='word_1_302' title='bbox 1089 2204 1292 2247; x_wconf 82' lang='lat' dir='ltr'>sitatibus</span> <span class='ocrx_word' id='word_1_303' title='bbox 1310 2234 1324 2252; x_wconf 90' lang='lat'>‚</span> <span class='ocrx_word' id='word_1_304' title='bbox 1353 2202 1399 2245; x_wconf 69' lang='grc' dir='ltr'>δί</span> <span class='ocrx_word' id='word_1_305' title='bbox 1427 2205 1505 2260; x_wconf 89' lang='lat' dir='ltr'>qui</span> <span class='ocrx_word' id='word_1_306' title='bbox 1542 2216 1693 2259; x_wconf 74' lang='lat' dir='ltr'>pecu-</span> 
     </span>
     <span class='ocr_line' id='line_1_81' title="bbox 1091 2263 1693 2321; baseline -0.003 -14"><span class='ocrx_word' id='word_1_307' title='bbox 1091 2268 1165 2307; x_wconf 84' lang='lat' dir='ltr'>nia</span> <span class='ocrx_word' id='word_1_308' title='bbox 1195 2263 1456 2321; x_wconf 85' lang='lat' dir='ltr'>indigebant</span> <span class='ocrx_word' id='word_1_309' title='bbox 1475 2294 1488 2313; x_wconf 90' lang='lat'><em>‚</em></span> <span class='ocrx_word' id='word_1_310' title='bbox 1524 2264 1693 2306; x_wconf 80' lang='lat' dir='ltr'>beneti-</span> 
     </span>
     <span class='ocr_line' id='line_1_82' title="bbox 1093 2320 1692 2381; baseline -0.003 -15"><span class='ocrx_word' id='word_1_311' title='bbox 1093 2326 1232 2368; x_wconf 84' lang='lat' dir='ltr'>tium,</span> <span class='ocrx_word' id='word_1_312' title='bbox 1263 2320 1308 2363; x_wconf 83' lang='lat'>&amp;</span> <span class='ocrx_word' id='word_1_313' title='bbox 1338 2325 1524 2381; x_wconf 81' lang='lat' dir='ltr'>gratiam</span> <span class='ocrx_word' id='word_1_314' title='bbox 1569 2323 1692 2366; x_wconf 77' lang='lat' dir='ltr'>aesti-</span> 
     </span>
     <span class='ocr_line' id='line_1_83' title="bbox 1091 2381 1693 2439; baseline -0.002 -15"><span class='ocrx_word' id='word_1_315' title='bbox 1091 2383 1303 2430; x_wconf 70' lang='lat' dir='ltr'>mab-ant,</span> <span class='ocrx_word' id='word_1_316' title='bbox 1319 2384 1440 2439; x_wconf 88' lang='lat' dir='ltr'>quod</span> <span class='ocrx_word' id='word_1_317' title='bbox 1457 2396 1553 2425; x_wconf 86' lang='lat' dir='ltr'>eam</span> <span class='ocrx_word' id='word_1_318' title='bbox 1575 2381 1693 2439; x_wconf 82' lang='lat' dir='ltr'>apud</span> 
     </span>
     <span class='ocr_line' id='line_1_84' title="bbox 1091 2444 1692 2500; baseline 0.005 -19"><span class='ocrx_word' id='word_1_319' title='bbox 1091 2444 1254 2484; x_wconf 82' lang='lat' dir='ltr'>amicos</span> <span class='ocrx_word' id='word_1_320' title='bbox 1309 2453 1485 2500; x_wconf 85' lang='lat' dir='ltr'>possent</span> <span class='ocrx_word' id='word_1_321' title='bbox 1532 2451 1692 2484; x_wconf 88' lang='lat' dir='ltr'>mutuo</span> 
     </span>
     <span class='ocr_line' id='line_1_85' title="bbox 1090 2501 1690 2557; baseline 0.002 -15"><span class='ocrx_word' id='word_1_322' title='bbox 1090 2502 1303 2557; x_wconf 82' lang='lat' dir='ltr'>reperire,</span> <span class='ocrx_word' id='word_1_323' title='bbox 1358 2501 1464 2545; x_wconf 86' lang='lat' dir='ltr'>licet</span> <span class='ocrx_word' id='word_1_324' title='bbox 1514 2512 1690 2543; x_wconf 81' lang='lat' dir='ltr'>usuram</span> 
     </span>
    </p>

    <p class='ocr_par' dir='ltr' id='par_1_12' title="bbox 1525 2558 1687 2603">
     <span class='ocr_line' id='line_1_86' title="bbox 1525 2558 1687 2603; baseline 0.006 -2"><span class='ocrx_word' id='word_1_325' title='bbox 1525 2558 1687 2603; x_wconf 82' lang='lat' dir='ltr'>mode-</span> 
     </span>
    </p>
   </div>
   <div class='ocr_carea' id='block_1_10' title="bbox 1803 0 1889 2863">
    <p class='ocr_par' dir='ltr' id='par_1_13' title="bbox 1803 0 1889 2863">
     <span class='ocr_line' id='line_1_87' title="bbox 1803 0 1889 2863; baseline 0 0"><span class='ocrx_word' id='word_1_326' title='bbox 1803 0 1889 2863; x_wconf 95' lang='lat' dir='ltr'> </span> 
     </span>
    </p>
   </div>
  </div>
 </body>
</html>
