1889 2863
889 173 920 222 ζ
953 174 1006 215 15
1036 168 1065 218 δ

343 260 375 284 a,
405 245 492 290 que
526 232 573 274 in
601 237 837 274 contractu
856 245 949 274 mu·
996 228 1101 272 Res.

340 324 375 344 ο,
408 295 472 337 tui
496 291 717 349 propriam
739 304 864 333 suam
885 307 948 335 se·
1028 302 1100 336 14·

338 366 383 403 ‚,·
402 355 532 402 dem,
567 351 613 395 St
642 351 787 393 locum
812 353 946 399 habet

334 444 367 464 a,
400 415 446 457 in
484 426 536 456 eo
573 422 637 455 est
669 413 943 467 repositum,

332 504 364 524 ‚‚
397 473 635 528 quodxquis
667 486 721 514 ex
751 474 943 528 ipsomet

332 564 364 583 2,
384 532 682 588 mutuo‚quod
697 543 852 587 suapte
868 548 942 576 na-

330 624 362 644 „
395 604 493 636 tura
510 592 793 636 tantumdem
814 594 939 637 dum.

331 684 365 703 ‚,
398 664 518 696 taxat
550 653 672 695 reddi
709 653 937 709 postulat,

328 743 362 763 0,
394 714 856 769 quantumrece'ptum
872 728 937 761 est

327 803 360 823 ‚,
392 774 495 830 plus
526 774 607 815 sibi
641 773 762 814 reddi
784 773 900 817 velit
922 806 936 826 ,

331 865 364 884 ‚‚
397 847 530 889 quam
570 842 635 875 est
655 842 898 888 *receptum
923 866 936 885 ,

323 925 358 943 2,
389 895 582 949 ideoque
614 893 732 935 ultra
764 905 934 938 sortem

323 985 358 1005 ,‚
389 956 562 996 lucrum
595 952 778 1007 aliquod
800 955 935 1009 ipsius

320 1045 355 1065 .,‚
386 1016 559 1058 ratione
592 1014 740 1056 mutui
768 1015 936 1058 sibide.

318 1104 360 1126 ‚‚
394 1077 482 1118 bc-ri
517 1075 762 1117 contendat
785 1104 796 1115 .
831 1075 936 1117 Om-

320 1165 355 1187 ,,
385 1150 442 1178 ne
494 1146 725 1190 propterea
766 1133 930 1184 hujus..

320 1224 355 1246 ,‚
390 1197 509 1240 modi
549 1195 740 1235 Lucrum
765 1226 777 1244 ,
811 1196 932 1250 quod

319 1285 354 1305 a,
385 1268 552 1298 sortem
587 1267 763 1310 superet
802 1255 931 1298 illici-

318 1346 351 1366 „
385 1329 480 1359 tum
509 1345 525 1366 ›,
577 1313 624 1358 ἃ
678 1321 927 1360 usurarium

320 1406 354 1427 ‚‚
385 1387 451 1420 est
472 1406 487 1419 .

362 1443 480 1482 Cum
521 1435 731 1479 Pontifex
764 1434 811 1477 in
840 1433 923 1480 hac

318 1497 548 1540 Enciclica
584 1497 777 1538 declaret
810 1512 925 1539 usu-

314 1561 478 1602 rarium
517 1572 606 1599 esse
641 1557 810 1598 lucrum
862 1559 925 1599 il-

319 1618 397 1660 lud
422 1650 436 1668 ,
464 1617 587 1672 quod
626 1630 838 1659 mutuans
855 1632 925 1660 su-

315 1691 392 1734 pra
432 1691 595 1719 sortem
639 1692 662 1719 a
701 1690 926 1722 mutuata.

308 1739 376 1780 rio
418 1739 555 1794 exigit
581 1737 723 1794 ipsius
742 1738 924 1780 ratione

313 1798 463 1840 mutui
493 1829 503 1840 .
540 1798 759 1865 Quseritur
780 1811 919 1853 quan-

312 1857 370 1901 do
408 1859 492 1899 hoc
523 1860 679 1900 evenit
700 1860 720 1897 ‘e'

190 1916 292 1961 Res.
373 1918 486 1959 Cum
525 1930 740 1959 mutuans
777 1919 919 1978 exigit

223 1992 295 2029 13.
331 1977 452 2020 istud
485 1977 656 2019 lucrum
687 2008 699 2026 ‚
728 1978 803 2020 vel
840 1995 917 2022 ra-

307 2038 430 2081 tione
456 2039 585 2080 sortis
606 2049 767 2079 mutuo
786 2041 916 2082 tradi-

276 2108 392 2144 .tae,
416 2098 492 2141 vel
525 2099 701 2140 ratione
733 2111 834 2148 usus
868 2101 914 2141 i-

303 2158 426 2213 psius
461 2161 589 2200 sortis
613 2188 625 2205 ‚
658 2157 706 2201 δι
741 2161 914 2203 ratione

305 2216 532 2259 Utilitatis
549 2247 561 2265 ,
582 2215 629 2259 &
652 2219 876 2261 commodi
899 2251 912 2269 ‚

301 2276 426 2330 quod
455 2291 512 2318 ex
551 2277 632 2319 hoc
662 2289 742 2318 usu
782 2281 912 2323 sortis

300 2337 460 2390 potuit
496 2338 793 2381 mutuatarius
833 2352 912 2381 re-

303 2405 516 2450 portare.

364 2455 446 2499 Est
506 2469 563 2500 ne
589 2455 676 2502 'hoc
719 2457 908 2505 omnino

294 2517 515 2561 cammss

196 1430 294 1483 Int-

168 2446 272 2497 int.

1175 222 1237 270 Et
1267 235 1468 276 certum,
1498 225 1545 271 St
1580 229 1722 275 indu-

1135 286 1326 330 bitaturn
1351 301 1448 330 est:
1491 292 1592 345 quia
1633 293 1721 335 exi-

1113 360 1217 404 gere
1252 349 1425 390 ratione
1449 351 1598 392 mutui
1620 381 1632 398 ,
1654 362 1722 395 est

1115 409 1291 462 exigere
1322 411 1496 452 ratione
1520 408 1624 463 juris
1640 441 1652 459 ,
1671 409 1721 454 ἃ.

1113 467 1340 511 facultatis
1381 470 1461 514 hoc
1484 481 1720 514 contractu

1109 530 1261 570 mutui
1297 541 1509 573 concessae
1530 561 1542 579 ‚
1574 528 1619 573 S(
1656 546 1719 574 ra-

1112 589 1234 632 tione
1268 592 1425 633 favoris
1447 620 1459 638 ‚
1483 589 1528 633 &
1550 591 1718 650 gratioe,

1108 653 1391 692 concessione
1417 649 1550 707 hujus
1579 650 1720 693 facul-

1106 711 1215 752 tatis
1248 716 1518 754 mutuatario
1541 713 1716 767 imper-

1109 770 1202 811 titae
1226 799 1235 811 .
1260 769 1342 813 llla
1374 773 1508 815 vesba
1530 774 1716 816 ratione

1106 829 1254 871 mutvt‘
1278 831 1417 873 alium
1439 845 1613 874 sensum
1640 835 1717 878 ha-

1108 889 1209 930 bere
1235 892 1424 933 minime
1455 905 1639 948 possunt
1677 894 1715 937 si

1105 948 1229 990 hunc
1275 953 1377 1007 ipsis
1435 953 1712 1004 adimamus,

1104 1021 1237 1051 sensu
1283 1013 1416 1066 plane
1461 1015 1704 1063 carebunt,

1104 1067 1151 1112 ἃ
1209 1072 1323 1112 nihil
1367 1073 1710 1133 significabunt·

1102 1130 1217 1171 Cum
1249 1144 1352 1191 ergo
1382 1147 1591 1178 mutuans
1610 1148 1712 1177 con-

1101 1201 1250 1233 tractu
1274 1195 1456 1242 mutui,
1479 1209 1558 1236 nec
1587 1194 1711 1238 aliud

1098 1248 1169 1305 jus
1191 1280 1203 1298 ‚
1240 1268 1321 1295 nec
1352 1255 1485 1297 aliam
1509 1255 1710 1298 faculta-

1100 1321 1195 1353 tem
1227 1315 1447 1358 concedat
1482 1329 1711 1361 mutuata·

1098 1371 1164 1412 rio
1188 1402 1198 1419 ,
1233 1376 1313 1416 nisi
1362 1390 1492 1425 eam,
1548 1377 1707 1420 utendi

1094 1433 1269 1478 scilicet
1305 1438 1430 1478 rebus
1470 1438 1706 1480 mutuoda-

1098 1494 1154 1533 tis
1175 1521 1186 1539 ‚
1203 1509 1272 1536 eas
1287 1497 1362 1538 vel
1384 1498 1706 1546 consumendo,

1094 1551 1168 1593 vel
1191 1556 1428 1598 alienando
1445 1575 1457 1607 ;
1477 1559 1593 1599 Cum
1616 1559 1706 1599 exi-

1093 1614 1161 1668 git
1204 1615 1373 1671 aliquid
1406 1632 1429 1659 a
1464 1630 1703 1661 mutuata-

1092 1684 1158 1713 510
1194 1677 1311 1719 ultra
1347 1689 1512 1720 sortem
1556 1679 1703 1720 tradi-

1096 1743 1186 1773 tam
1211 1766 1222 1782 ,
1261 1743 1364 1791 quia
1390 1751 1489 1779 usus
1512 1749 1577 1780 est
1597 1768 1607 1785 ‚
1626 1738 1699 1780 vel

1090 1798 1241 1845 potuit
1286 1800 1351 1839 uti
1392 1799 1579 1852 pecunia
1616 1799 1700 1853 ipsi

1094 1867 1254 1897 mutuo
1293 1858 1482 1906 tradita,
1524 1856 1566 1899 ἃ
1589 1869 1700 1913 pro-

1089 1928 1191 1971 pter
1221 1916 1465 1964 utilitates,
1498 1915 1544 1959 ἃ
1576 1919 1698 1963 lucra

1087 1989 1185 2030 quae
1226 1991 1279 2018 ex
1317 1979 1400 2019 isto
1437 1990 1523 2020 usu
1556 1992 1699 2035 repor-

1087 2037 1202 2079 tavit
1225 2066 1237 2084 ‚
1267 2036 1340 2080 vel
1379 2039 1529 2093 potuit
1554 2051 1699 2095 repor-

1086 2107 1181 2139 tare
1206 2110 1380 2152 semper
1409 2097 1522 2139 illud
1555 2102 1696 2159 exigit

1084 2157 1259 2199 ratione
1290 2158 1426 2213 ipsius
1442 2161 1620 2201 mutui·
1609 2174 1693 2210 ‚ac

1086 2229 1443 2273 perconsequens
1459 2221 1632 2274 peccati
1646 2234 1696 2264 u·

1079 2289 1188 2317 surae
1223 2279 1471 2321 reusevadit
1486 2308 1497 2320 .
1519 2279 1617 2335 Qua
1637 2282 1692 2324 de

1084 2349 1216 2379 causa
1249 2338 1492 2397 Angelicus
1522 2340 1691 2385 Doctor

1084 2408 1199 2438 ιε.
1241 2410 1292 2453 q.
1343 2404 1416 2447 78.
1455 2409 1537 2442 art.
1575 2397 1606 2442 l.
1643 2397 1689 2443 δι

1081 2456 1143 2499 ali
1164 2471 1234 2499 ιι,
1250 2458 1521 2515 apertissime
1554 2469 1687 2506 testat

1081 2530 1263 2564 usuram
1295 2531 1386 2564 esse
1400 2519 1574 2582 exigere
1584 2533 1690 2575 prae-

1569 2580 1684 2625 tium
