1889 2863
216 1485 317 1528 Res.

235 1560 307 1597 39-

898 162 1071 217 (38)

351 220 530 268 datam,
544 219 808 262 intrInsecus
825 249 839 268 ‚
859 232 963 262 con-

348 280 587 328 naturalis,
603 274 649 320 δε
672 281 851 322 innatus
863 293 959 321 mu-

344 354 424 385 tuo
446 351 509 383 est
543 370 555 388 ‚
576 340 681 393 quia
714 340 792 393 qui
840 353 958 382 con-

347 412 539 446 tractum
574 399 718 439 mutui
758 399 957 444 celebrat

346 460 588 504 necessario
622 457 753 500 debet
789 470 952 503 sortem

347 520 518 565 tradere
556 548 567 565 ‚
601 516 646 559 &
681 531 779 560 earn
803 531 956 573 postea

347 592 602 634 recuperare
635 607 646 626 ‚
665 575 710 619 8(
747 579 865 622 sicut
886 579 957 620 de-

344 644 420 683 bet
435 639 569 695 gratis
588 668 598 686 ‚
621 649 832 679 mutuum
856 638 959 682 dare

347 702 408 742 sic
444 700 606 753 pariter
638 698 771 741 debet
822 700 956 755 gratis

344 772 554 817 peragere
573 772 620 799 ea
640 759 791 800 omnia
826 788 838 805 .,
860 772 957 813 quae

343 820 399 862 ad
419 818 562 860 mutui
579 818 959 874 recuperationem

343 881 631 934 requiruntur
669 909 694 928 .‚
744 876 789 920 δε
839 880 953 920 nihil

343 941 530 981 omnino
559 952 634 993 pro
678 940 743 980 his
784 940 954 982 actibus

346 1001 521 1055 exigere
549 1010 696 1054 potest
719 1029 730 1040 .

307 1095 319 1108 ,
382 1060 568 1115 Ass-{gna
620 1073 740 1102 nunc
783 1058 954 1114 aliquos

348 1121 501 1166 titulos
520 1132 678 1162 mutuo
730 1121 954 1161 extrinse-

347 1195 420 1225 cos
435 1178 523 1222 &a
539 1211 550 1228 ,
563 1182 641 1233 qui
659 1177 730 1234 jus
750 1180 955 1222 tribuunt

339 1241 569 1284 mutuanti
615 1272 627 1290 ‚
681 1238 735 1279 ad
785 1239 954 1294 aliquid

336 1315 469 1357 supra
504 1311 664 1342 sortem
699 1299 848 1341 datam
902 1304 956 1342 ri-

338 1361 413 1410 te,
465 1376 517 1404 ex
563 1371 722 1403 mutuo
773 1362 947 1419 exigen-

337 1423 486 1465 dum?

382 1482 482 1523 AA.
526 1484 838 1529 Communiter
886 1496 949 1525 as·
989 1469 998 1474 i

342 1547 524 1600 signant
540 1544 711 1587 lucrum
735 1546 915 1587 cessans
935 1573 949 1592 ‚

339 1605 385 1648 ἃ
426 1605 641 1645 damnum
672 1618 903 1662 emergens
932 1633 945 1651 ‚

335 1667 442 1721 quia
465 1664 571 1705 licet
607 1666 754 1707 nunus
802 1675 947 1708 textus

333 1728 381 1768 :in
401 1725 525 1766 Sacra
559 1725 778 1781 Scriptura
800 1738 950 1768 occur-

335 1797 431 1834 rat,
462 1786 537 1839 qui
569 1786 645 1827 hos
666 1783 821 1828 titulos
853 1796 950 1840 pro-

339 1848 414 1888 bet
438 1862 449 1893 ;
474 1858 553 1885 nec
591 1849 728 1888 etiam
769 1857 914 1887 canon
934 1873 947 1892 ‚

341 1916 418 1949 aut
474 1906 734 1948 constitutio
796 1905 946 1960 aliqua

340 1963 638 2008 Ecclefiftstica
657 1997 667 2014 ,
702 1966 947 2020 reperiatur

342 2039 440 2080 qute
483 2025 560 2066 hos
613 2025 945 2082 tituloslegiti-

342 2101 437 2127 mos
457 2084 648 2127 declaret
662 2115 674 2134 ‚
691 2084 804 2127 nihil
835 2084 944 2126 omi-

343 2159 426 2187 nus
463 2146 711 2187 communis
740 2143 945 2186 Theolo-

340 2219 496 2262 gorum
514 2204 734 2247 sententia
755 2205 950 2246 sustinet

341 2268 498 2307 horum
543 2264 770 2306 titulorum
795 2264 946 2319 prees-i·-

343 2325 417 2365 dio
443 2354 454 2371 ‚
478 2334 763 2365 mutuantem
803 2332 949 2378 posset

345 2383 513 2439 aiiquid
559 2383 676 2425 ultra
723 2394 884 2425 sortem
923 2395 948 2423 a

341 2443 614 2486 mutuatario
629 2443 804 2501 exigere
824 2458 837 2492 ;
859 2440 950 2482 du·-

342 2504 477 2549 modo
521 2503 570 2545 hi
609 2503 697 2547 duo
742 2499 866 2550 tituli
895 2501 950 2546 iis

1002 1002 1098 1045 Ilzt.

1001 1181 1106 1224 Res.

1027 1258 1101 1292 40.

1064 2534 1070 2541 .
1117 2502 1412 2561 amitit,quia
1459 2516 1483 2544 a
1517 2499 1722 2558 praeditsta

1133 219 1469 264 conditionibus
1483 223 1706 266 socientur
1723 253 1736 274 ,

1128 295 1238 336 quas
1255 280 1329 335 ipfi
1345 281 1567 338 assignant
1592 283 1737 341 Quia,

1123 345 1183 386 sic
1207 340 1282 396 ipfi
1303 354 1666 396 prossequuntur3
1687 344 1735 388 δι

1123 404 1158 444 si
1195 402 1318 448 Jesus
1339 426 1368 435 -
1388 400 1592 444 Christus
1626 417 1736 445 mu·-

1127 463 1356 505 mantibus
1404 458 1631 517 prohibuit
1670 464 1737 506 lu-

1114 536 1251 564 -crum
1296 536 1350 563 ex
1386 534 1545 565 mutuo
1600 525 1735 578 perci-

1126 595 1230 638 pere
1249 594 1363 632 3n0n
1384 582 1471 624 illis
1500 583 1735 637 prohibuit

1124 656 1170 682 se
1213 641 1442 683 indemnes
1492 656 1664 685 servare
1709 641 1734 685 ὲ

1126 701 1300 744 damnis
1328 715 1424 756 quae
1446 703 1502 744 ob
1526 713 1737 746 mutuum

1126 763 1387 817 patiuntur:
1411 763 1493 805 hoc
1512 776 1617 805 vero
1637 792 1648 810 ‚
1686 763 1735 807 &

1127 836 1218 864 non
1239 821 1358 864 aliud
1381 823 1427 864 fit
1446 852 1458 870 ‚
1489 823 1668 876 quando
1686 825 1735 867 vi

1122 883 1278 924 horum
1301 882 1535 925 titulorum
1570 897 1623 924 ex
1643 898 1738 925 mu-

1125 953 1204 986 tuo
1226 942 1395 997 aliquid
1423 944 1668 999 percipitur
1689 962 1704 995 ;

1133 1003 1320 1059 Assigna
1359 1003 1522 1044 Casum
1545 1033 1556 1051 ‚
1575 1005 1621 1044 in
1643 1017 1733 1058 quo

1121 1076 1228 1104 cum
1251 1073 1411 1105 mutuo
1431 1063 1636 1107 concurit
1665 1066 1735 1107 ti-
1756 1116 1758 1118 Ι

1124 1122 1243 1167 tulus
1260 1124 1365 1164 lucri
1384 1123 1614 1165 cessantis?

1167 1183 1316 1226 Titius
1352 1183 1485 1225 habet
1507 1213 1519 1231 ,
1557 1197 1625 1224 ex.
1650 1196 1695 1239 g.
1717 1213 1732 1232 ,

1136 1243 1260 1285 mille
1283 1243 1465 1286 ducatos
1486 1255 1660 1298 paratos
1678 1242 1733 1285 ad

1122 1305 1367 1343 emendum
1397 1315 1595 1345 annuum
1616 1317 1731 1344 cen-

1119 1377 1217 1404 sum
1241 1362 1405 1404 realem
1427 1375 1694 1418 perpetuum
1717 1391 1733 1411 ,

1115 1424 1297 1479 triginta
1320 1427 1580 1466 ducatorum
1603 1453 1615 1472 ,
1655 1423 1731 1464 in-

1111 1484 1237 1526 venit
1271 1481 1360 1530 iam
1416 1482 1575 1532 Caium
1610 1497 1730 1539 para·

1116 1554 1213 1585 tum
1241 1544 1295 1584 ad
1327 1557 1511 1585 censum
1559 1543 1726 1586 realem

1118 1618 1193 1653 30.
1215 1604 1478 1646 ducatorum
1511 1603 1594 1645 hoc
1613 1617 1732 1659 prae-

1117 1665 1180 1706 tio
1214 1663 1289 1718 ipfi
1315 1662 1639 1714 vendendum;
1676 1664 1746 1713 In,

1117 1723 1199 1765 hoc
1220 1736 1362 1765 rerum
1385 1734 1504 1767 statu
1528 1723 1728 1778 Sempro-

1115 1784 1216 1826 nius
1232 1795 1392 1826 mutuo
1411 1784 1527 1839 petit
1544 1797 1566 1824 a
1603 1783 1728 1825 Titio

1116 1843 1242 1884 mille
1272 1844 1454 1887 ducatos
1488 1844 1544 1884 ad
1572 1856 1729 1884 census

1116 1904 1397 1958 emptionem
1432 1903 1675 1945 destinatos
1712 1919 1728 1953 ;

1115 1964 1158 2005 Si
1177 1962 1324 2004 Titius
1358 1963 1571 2018 praecibus
1611 1963 1729 2004 Sem·

1114 2024 1258 2080 pronii
1279 2024 1424 2066 victus
1447 2023 1502 2063 ad
1524 2034 1729 2077 praestan-

1115 2083 1218 2123 dam
1253 2082 1326 2138 ipfi
1349 2083 1462 2124 hanc
1497 2085 1688 2140 gratiam
1716 2111 1730 2130 ,

1113 2141 1239 2184 mille
1280 2143 1464 2183 ducatos
1504 2143 1728 2198 emptioni

1113 2202 1355 2244 destinatos
1370 2200 1445 2257 ipsu
1462 2212 1624 2246 mutuo
1646 2213 1729 2244 tra-

1115 2261 1210 2310 dit,
1230 2262 1349 2304 licite
1371 2262 1424 2304 ab
1440 2261 1597 2304 eodem
1635 2275 1724 2316 pe-

1116 2332 1208 2364 tere
1231 2331 1377 2378 potest
1409 2323 1622 2377 perviam
1639 2321 1722 2377 ju-

1115 2392 1191 2423 stae
1227 2379 1598 2424 indennizationis
1647 2394 1720 2429 3ο.

1117 2441 1302 2485 ducatos
1358 2455 1528 2484 annuos
1567 2471 1581 2490 ‚
1608 2453 1722 2493 quos

1559 2573 1659 2603 em-
