1889 2863
794 128 964 234 (ω’)

396 300 1358 380 TRACTATUS

571 437 706 488 DE
785 436 1206 490 MUTUO

491 547 1292 613 ETUSURA.

126 1011 163 1088 I
182 1005 479 1066 Nterroycttio
507 1037 517 1049 .
544 1003 662 1063 Quid
678 1016 744 1049 est
763 1004 863 1046 Mu-
1028 1019 1151 1049 scm-e
1201 1005 1386 1057 innuit,
1418 1018 1627 1052 mutuum

219 1083 346 1112 tuum
373 1099 385 1110 .
1026 1079 1307 1110 contractum
1331 1083 1420 1110 esse
1458 1072 1503 1112 in
1535 1081 1626 1122 quo

125 1126 374 1189 Responsio
400 1159 411 1170 .
446 1128 523 1169 Est
571 1136 826 1168 contractus
847 1155 860 1175 ‚
1025 1138 1144 1169 certa
1161 1130 1384 1181 quantitas
1414 1129 1628 1177 traditum

247 1202 338 1244 qim
379 1188 424 1230 id
462 1189 637 1244 agitur,
670 1198 721 1229 ut
753 1200 850 1235 ἵετε,
1028 1199 1082 1228 ut
1112 1198 1262 1241 postea
1293 1189 1471 1241 aequalis
1505 1188 1627 1229 reci-

244 1261 343 1302 quae
397 1249 594 1303 pondere
632 1259 855 1293 numero,
1023 1247 1173 1301 piatur
1221 1249 1351 1289 sicuti
1405 1250 1452 1289 in
1495 1260 1628 1302 supra

241 1306 289 1350 St
321 1312 520 1351 mensura
556 1315 760 1348 constant
780 1334 791 1352 ‚
815 1321 860 1348 a·
1025 1305 1188 1353 tradita
1239 1307 1512 1351 definitione.
1550 1306 1628 1348 di-

252 1368 362 1409 licui
394 1367 554 1411 dentur
573 1380 621 1408 ea
656 1366 853 1423 lcge,ut
1023 1377 1147 1406 ctum
1185 1377 1253 1409 est
1278 1396 1290 1407 .

203 1467 206 1470 .
245 1427 520 1470 tantundem
557 1425 712 1469 reddat
730 1440 856 1478 repo·
900 1424 994 1467 Int.
1055 1425 1263 1481 Quaenam
1285 1428 1563 1482 potissimum
1581 1429 1630 1470 in

243 1489 387 1530 sconti
438 1485 656 1530 Creditori
695 1515 704 1526 .
749 1485 851 1527 Haec
1019 1485 1102 1526 hac
1154 1488 1300 1528 mutui
1363 1487 1627 1528 definitione

242 1549 393 1589 mutui
426 1547 627 1588 definitio
647 1574 659 1591 ‚
691 1558 744 1585 ex
760 1542 852 1592 iure
1017 1555 1122 1586 sunt
1153 1547 1586 1589 anim-advertenda?

241 1607 380 1650 Civili
417 1606 682 1662 deprompta
711 1617 851 1646 natu-
898 1603 1002 1645 Res.
1048 1604 1151 1645 Tria
1179 1608 1463 1660 potissimum
1489 1637 1500 1646 .
1523 1607 1627 1647 Pri-

241 1681 337 1708 ram
385 1666 524 1721 hujus
567 1675 850 1713 contractus,
899 1678 945 1706 2.
1011 1675 1115 1712 mo,
1147 1666 1270 1719 quod
1306 1666 1490 1709 materia
1533 1665 1628 1706 hu,-

243 1723 290 1766 &
324 1727 433 1781 quid
472 1728 518 1770 in
565 1737 617 1766 eo
664 1735 850 1767 contra·
1016 1723 1086 1778 jus
1119 1737 1376 1769 contractus
1407 1736 1512 1767 sunt
1536 1736 1629 1767 tan-

244 1785 405 1828 hentes
459 1796 596 1842 agant
649 1796 851 1826 accurate
1021 1785 1207 1826 tumodo
1241 1798 1337 1833 res,
1369 1798 1466 1841 quoe
1505 1798 1630 1840 pon..

243 1844 436 1888 declarat
451 1843 847 1887 Benedictus-XIV.
1021 1843 1121 1885 dere
1156 1857 1345 1887 numero
1366 1875 1379 1893 ‚
1411 1843 1456 1886 &
1488 1857 1628 1893 men-

241 1905 290 1945 in
325 1906 550 1946 Enciclica
590 1903 683 1949 Vmc
700 1917 856 1961 perve-
1017 1915 1431 1955 suraconstant;ut
1445 1904 1632 1952 vinum,

237 1964 313 2004 nit
336 1995 347 2012 ‚
389 1976 505 2006 anno
543 1974 672 2011 1:⁷45.
705 1979 850 2018 expe·
1020 1964 1217 2005 triticum
1250 1994 1263 2010 ‚
1292 1964 1442 2006 oleum
1465 1993 1479 2010 ,
1529 1977 1628 2018 pae-

238 2023 332 2065 dita
365 2026 448 2066 etsi
481 2024 736 2079 explicitam
758 2036 851 2065 mu·
1019 2025 1152 2065 cunia
1177 2053 1189 2070 ‚
1219 2020 1265 2066 &
1302 2023 1496 2070 similia,
1529 2023 1629 2077 qui-

239 2083 306 2123 tui
326 2082 633 2126 definitionem
657 2095 745 2125 non
767 2095 851 2126 tra·
984 2132 990 2137 .
1017 2081 1096 2123 bus
1127 2084 1197 2124 uti
1247 2094 1338 2124 non
1397 2094 1629 2137 possumus

239 2142 339 2190 dat,
379 2156 549 2185 canone
584 2143 735 2185 tamen
770 2157 847 2185 se-
1013 2142 1134 2184 salva
1166 2155 1316 2184 earum
1350 2142 1628 2190 substantia,

239 2200 388 2242 cundo
414 2233 424 2249 ‚
457 2201 501 2244 St
535 2204 664 2245 tertio
703 2213 846 2244 testa·-
1013 2202 1088 2242 sed
1124 2214 1271 2244 earum
1300 2216 1403 2243 usus
1431 2204 1477 2243 in
1509 2215 1630 2244 con-

239 2271 311 2302 tur
341 2292 351 2302 .
381 2259 513 2318 Quod
549 2275 606 2303 ex
647 2277 727 2303 sua
763 2276 848 2304 na-
1015 2262 1276 2316 sumptione
1297 2291 1310 2309 ‚
1341 2261 1412 2304 vel
1448 2261 1625 2303 aliena-

237 2329 343 2361 tum
386 2324 670 2364 tantumdem
711 2321 846 2362 dum-
1016 2322 1139 2363 tione
1167 2322 1357 2376 ipsarum
1383 2323 1588 2364 consistit
1609 2349 1624 2362 .

235 2388 388 2421 taxat
455 2382 577 2423 reddi
634 2383 846 2438 postulat
1016 2380 1220 2422 Secundo
1255 2382 1623 2423 animadverten-

235 2450 458 2491 qucmtum
496 2453 712 2497 receptum
754 2452 846 2482 est.
1019 2439 1098 2480 dus
1133 2451 1225 2488 cst,
1265 2441 1360 2482 finis
1397 2442 1450 2483 ad
1483 2452 1622 2494 quem

245 2499 411 2559 quibus
446 2501 595 2546 verbis
634 2514 727 2546 non
759 2501 847 2545 ob·
1016 2512 1082 2543 res
1118 2501 1388 2547 mutuatario
1426 2498 1622 2545 tradun-

1507 2567 1611 2611 tur,
