1889 2863
186 2081 281 2124 liic.

867 218 1037 272 (3ο)

309 293 377 326 res
394 265 513 321 unde
556 275 805 320 similitudo
835 277 914 322 illa
958 282 1062 325 Ra.

310 341 502 385 trahitur
535 369 550 381 .
578 338 681 381 Non
703 337 913 380 enimin-

312 401 424 445 udat
455 400 676 441 Dominus
706 398 912 451 iniquum

306 459 505 521 judicem
528 490 540 508 ‚
563 460 638 513 qui
661 471 742 499 nec
765 457 910 499 Deum

309 523 471 568 timens
505 549 518 568 ‚
577 532 658 561 nec
690 516 912 568 ¹homines

304 582 474 627 veritus
492 611 503 627 ,
529 578 714 620 viduam
760 576 911 619 audire

306 640 520 688 nolebam
552 652 642 680 non
675 636 802 678 illum
838 636 911 678 la-

305 701 420 746 udat
458 699 633 756 pigrum
658 725 671 745 ‚
707 697 784 751 qui
826 706 912 746 tres

305 772 445 819 panes
485 772 575 800 non
609 766 789 813 propter
807 756 914 796 ami-

304 821 460 865 citiam
474 820 527 860 de
540 819 598 860 lit
627 816 821 871 petenti;
837 815 914 857 sed

305 882 428 926 tedio
441 879 587 921 victus
608 895 618 918 :
639 878 742 919 Non
757 874 915 918 laudat

304 940 516 986 villicum
603 937 857 991 iniquitatis
898 964 912 983 ‚

304 1001 429 1057 quod
486 998 688 1040 fraudem
756 996 912 1038 fecerit

305 1062 518 1105 Domino,
533 1056 799 1100 remittendo
821 1069 914 1111 par-

306 1133 398 1165 tem
437 1117 706 1161 debitoribus
726 1116 911 1157 Domini

309 1184 406 1227 sui:
440 1177 489 1222 &
522 1188 674 1221 tamen
713 1176 816 1217 inde
845 1176 914 1216 si-

306 1240 583 1288 militudines
619 1236 769 1282 traxit,
783 1234 835 1275 ad
852 1236 915 1275 in·

303 1299 553 1347 stituendos
588 1309 727 1339 mores
757 1295 914 1336 homi—

304 1376 414 1408 num
435 1370 673 1415 oportunas
694 1373 704 1397 :
736 1357 800 1397 ita
821 1367 911 1395 non

301 1423 463 1481 probat
493 1429 672 1460 usuram
697 1414 911 1470 pecuniae,

303 1481 544 1537 quamvis,
581 1492 634 1518 ex
666 1490 715 1517 ea
760 1474 913 1515 simili·

304 1544 512 1588 tudinem
545 1539 679 1579 ducat
702 1564 713 1583 ‚
732 1546 787 1577 ut
820 1534 910 1573 ho-

303 1604 449 1645 mines
487 1598 543 1641 ad
559 1609 737 1639 usuram
759 1593 908 1651 gratiae

304 1665 510 1705 hortetur
533 1689 543 1700 .
583 1657 651 1698 Sic
672 1651 908 1709 respondet

304 1725 415 1767 Nat.
452 1718 583 1761 Alex.
624 1715 704 1756 lib.
745 1727 789 1764 3.
821 1723 905 1756 art.

306 1797 349 1832 3.
371 1796 499 1837 prop.
516 1793 559 1819 2.
577 1808 589 1826 ,
620 1788 718 1830 quae
734 1787 909 1828 respon-

304 1844 366 1884 sio
399 1843 634 1894 desumpta
672 1846 736 1877 est
768 1848 822 1875 ex
860 1833 905 1875 S.

302 1901 538 1944 Ambrosio
586 1895 827 1939 enarratio.
853 1895 904 1935 ln

304 1961 467 2004 Psalm.
505 1964 612 2009 36.‚
645 1952 692 1996 8(
728 1967 781 1996 ex
822 1952 904 1995 lib.

304 2023 419 2063 Tob.
456 2033 554 2073 cap.
594 2030 666 2065 19·

342 2082 384 2122 Si
418 2079 710 2121 mutuatarius
732 2104 744 2123 ‚

306 2144 463 2199 ingens
493 2139 669 2180 lucrum
719 2148 773 2175 ex
825 2143 907 2172 usu

304 2201 506 2256 pecuniae
527 2207 687 2238 mutuo
715 2203 906 2246 acceptae

305 2270 499 2314 reportat
519 2288 530 2306 ,
550 2250 763 2302 libere,&
781 2262 906 2306 spon-

308 2330 439 2362 tanee
476 2318 608 2361 solvit
624 2310 907 2358 usuram‚vel

305 2382 517 2422 interesse
544 2375 842 2418 moderatum,
860 2366 906 2411 &

307 2442 518 2495 exiguum
538 2467 549 2483 ‚
570 2433 690 2490 quod
728 2446 781 2474 ex
803 2432 907 2499 ’ipso

311 2499 450 2556 exigit
487 2507 696 2538 mutuans
713 2521 727 2540 ‚
753 2499 837 2533 erit
851 2501 908 2530 ne

307 2560 430 2603 licita
448 2557 496 2600 in
528 2556 612 2599 hoc
630 2565 730 2598 casu
749 2551 907 2595 usura?

800 2073 906 2128 quia
919 2083 923 2086 '

1137 278 1275 323 Nullo
1308 276 1442 322 modo
1468 274 1613 324 adhue
1633 282 1683 325 in

991 348 1047 386 80
1080 339 1163 382 hoc
1179 353 1282 382 casu
1295 351 1426 381 usura
1441 337 1564 382 licita
1584 343 1684 391 erit,

1076 401 1185 456 quia
1213 400 1331 445 Jesus
1363 399 1566 441 Christus
1583 414 1690 456 prae.

1032 484 1034 486 -
1077 460 1191 516 cipit
1205 470 1413 501 mutuum
1428 459 1561 517 gratis
1578 472 1685 502 sem-

955 1772 1052 1817 Into

953 2490 1058 2534 Res.

974 2564 1049 2602 3¹·

1080 533 1160 576 per
1176 519 1295 566 dari,
1329 517 1375 561 St
1411 518 1559 561 veluti
1591 519 1684 575 ipse

1082 579 1282 634 loquitur
1316 578 1428 619 nihil
1454 579 1561 619 inde
1590 593 1687 633 spe·

1080 649 1226 681 rantes
1245 656 1256 679 ;
1276 649 1429 679 omnes
1451 650 1557 695 ergo
1581 639 1686 681 huic

1079 697 1187 757 Legi
1219 696 1396 741 Divinae
1421 697 1594 740 -debent
1614 700 1686 740 ob—

1084 768 1354 813 temperare,
1395 755 1440 799 ἃ
1461 771 1593 799 nemo
1613 771 1690 812 po-

1084 827 1170 860 test
1191 818 1305 859 hanc
1335 817 1520 859 Domini
1537 816 1684 876 legem

1081 876 1324 919 immutare
1346 907 1359 924 ‚
1376 876 1685 924 limitare,vel

1078 940 1127 981 in
1159 951 1209 979 ea
1242 936 1523 992 dispensaret,
1553 937 1684 981 sicuti

1079 997 1174 1054 pari
1215 998 1387 1039 ratione
1424 1009 1557 1037 nemo
1597 1011 1686 1052 po-

1081 1065 1168 1101 test
1187 1085 1201 1105 ‚
1236 1069 1318 1097 nee
1343 1054 1606 1112 conjugibus
1639 1057 1683 1098 i-

1079 1117 1167 1173 psis
1199 1115 1686 1157 consentientibusim-

1080 1186 1286 1222 mutare,
1323 1174 1516 1218 limitare
1551 1204 1564 1223 ‚
1608 1175 1684 1218 vel

1079 1236 1330 1290 dispensare
1366 1235 1413 1276 in
1447 1236 1562 1290 Lege
1599 1235 1686 1276 Di-

1076 1297 1183 1339 vina
1202 1325 1214 1341 ‚
1245 1296 1592 1350 perpetuitatem
1607 1325 1619 1342 ,
1637 1292 1684 1336 &

1078 1367 1411 1410 monogamiam
1452 1355 1497 1395 in
1534 1356 1686 1396 matri·

1078 1416 1229 1456 monio
1251 1415 1481 1455 indicente
1502 1444 1514 1461 ‚
1546 1416 1683 1469 Leges

1078 1484 1228 1516 autem
1245 1473 1442 1520 Divinae,
1474 1488 1568 1528 quae
1590 1485 1682 1513 mu-

1078 1544 1206 1576 tuum
1237 1533 1437 1590 dirigunt
1452 1563 1464 1581 ‚
1482 1548 1569 1574 non
1589 1533 1684 1573 mi—

1076 1596 1173 1635 nori
1236 1594 1408 1635 virtute
1467 1592 1642 1648 ponent
1668 1622 1682 1641 ,

1074 1666 1212 1708 quam
1256 1652 1376 1709 leges
1442 1653 1684 1696 matrimo-

1075 1713 1203 1754 nium
1234 1713 1503 1769 dirigentes.

1115 1773 1272 1817 Viduae
1296 1801 1308 1818 ‚
1336 1769 1382 1812 St
1409 1773 1504 1815 aliae
1543 1784 1682 1827 perso-

1080 1846 1146 1873 nne
1201 1831 1419 1875 industria
1452 1843 1680 1881 carentes,

1074 1890 1121 1936 &
1134 1892 1238 1935 artis
1257 1893 1560 1947 negotiatoriae
1574 1902 1680 1932 om-

1073 1953 1182 1993 nino
1218 1952 1402 2007 ignare,
1464 1961 1680 2005 poterunt

1072 2025 1131 2053 ne
1165 2012 1333 2052 tradere
1364 2011 1678 2052 mercatoribus

1072 2069 1128 2113 ad
1157 2082 1327 2113 certum
1367 2082 1566 2111 annuum
1589 2083 1682 2111 mo·

1073 2131 1275 2172 dei-atum
1311 2128 1484 2171 lucrum
1534 2142 1678 2184 pecu-

1073 2191 1195 2231 niam
1211 2190 1292 2230 sibi
1313 2204 1336 2232 a
1369 2189 1542 2231 Maritis
1565 2218 1577 2236 ‚
1603 2188 1677 2233 vel

1073 2249 1332 2292 Parentibus
1407 2259 1678 2291 testamento

1073 2308 1306 2357 relictam,
1330 2307 1510 2363 quando
1561 2306 1676 2348 nihil

1075 2368 1198 2412 aiiud
1239 2368 1408 2413 habent
1440 2367 1562 2410 unde
1599 2366 1676 2410 vi-

1070 2430 1212 2471 vant?

1121 2485 1260 2529 Nuuo
1293 2485 1427 2531 modo
1459 2487 1543 2528 hoc
1562 2484 1676 2527 face-

1071 2560 1116 2592 re
1136 2556 1353 2604 poterunt
1371 2563 1387 2594 a
1414 2547 1532 2591 sicut
1551 2545 1673 2587 enim

1585 2618 1673 2648 ne·-

1792 2627 1816 2658 λ,

1765 2740 1802 2772 ,Α

1786 2774 1799 2787 ,0
