1889 2863
824 59 994 124 (ν’)

263 123 485 181 recipiunt
506 153 518 172 ‚
546 137 645 168 eam
685 132 886 181 negotia.

266 187 379 229 tioni
404 197 634 240 exponunt
668 200 716 228 ac
733 188 767 228 si
790 203 885 230 mu-

263 255 345 288 tuo
366 246 634 300 accepissent
652 274 663 293 ,
698 248 889 293 rationes

262 303 496 347 Societatis
516 317 746 360 nunquam
779 309 890 350 red-

263 364 379 406 dunt
401 394 411 413 ,
437 378 518 407 nec
539 367 774 420 pecuniam
793 369 890 410 im..

262 425 471 479 pendunt
500 425 690 481 negotiis
724 427 769 467 in
807 442 888 471 so·-

262 484 438 527 cietatis
485 495 718 527 contractu
786 500 889 542 [πτε-

262 545 466 598 scriptis,
498 544 574 586 sed
609 559 658 587 ea
693 545 747 588 ad
778 547 887 591 libi·

263 613 364 646 tum
387 613 596 647 utuntur.
620 603 746 648 Unde
765 621 889 649 num-

262 674 399 717 quam
439 674 588 719 potest
614 667 709 708 sciri
737 679 889 710 utrum

261 737 317 765 ex
341 723 646 779 negotiatione
682 725 856 770 lucrum
878 758 890 777 ,

262 793 342 827 aut
385 785 599 826 damnum
646 797 893 842 reportave-
941 776 1033 822 Int.

261 844 386 894 rInt3
419 843 503 885 hoc
535 845 657 888 enirn
695 849 890 890 studiose

259 903 573 960 Negotiatores
619 906 854 951 occultant
876 935 889 957 ‚

260 960 320 1004 ne
345 974 512 1007 secreta
542 967 770 1015 commit,
811 980 890 1011 so-

263 1024 334 1066 cio
355 1022 546 1079 pandere
580 1025 802 1078 debeant;
835 1042 890 1071 ex

264 1095 357 1137 quo
403 1082 451 1127 fit
473 1113 484 1133 ‚
527 1085 648 1139 quod
702 1085 887 1130 duorum

215 1188 218 1192 ,
261 1154 574 1188 contractuum
593 1146 803 1189 circuitus
825 1162 890 1189 so-

267 1206 362 1248 lum
396 1206 452 1247 ad
487 1205 786 1262 obtegendam
829 1220 891 1249 u..

260 1280 407 1310 suram
426 1264 565 1308 fuerit
582 1267 859 1322 excogitatus
877 1299 889 1311 .

259 1326 327 1370 Ac
358 1337 588 1382 propterea
622 1340 645 1368 a
685 1327 796 1370 sixt.
829 1327 887 1371 V.

263 1388 312 1430 in
327 1400 404 1428 sua
422 1385 746 1428 constitutione
761 1417 772 1435 ,
792 1399 890 1442 quae

263 1447 427 1502 incipit
448 1444 724 1488 detestabilis
756 1448 810 1489 ad
833 1461 893 1492 toa

264 1504 451 1548 lendum
488 1517 626 1546 usurae
662 1507 851 1549 pallium
880 1539 892 1558 ,

262 1562 505 1622 justissime
532 1565 620 1608 fuit
651 1564 893 1615 haimino-2

263 1628 310 1668 di
373 1626 614 1668 conventio
665 1629 888 1682 prohibita

261 1685 352 1729 illis
401 1687 581 1743 verbis:
615 1686 708 1728 sive
751 1700 800 1728 nt
840 1690 891 1731 (Ie

264 1756 385 1788 certa
402 1746 665 1801 quantitate
680 1748 754 1789 vel
766 1747 892 1790 Smn-

260 1819 338 1848 ma
367 1807 413 1848 ἰη
431 1804 635 1864 singulos
654 1819 805 1848 annos
820 1808 893 1851 vel

261 1879 432 1908 menses
449 1867 642 1909 durante
668 1867 892 1911 Soc-[etate

259 1927 585 1982 respondeatur
602 1956 612 1968 .
631 1927 696 1971 At
722 1931 892 1972 veroin

265 1987 558 2029 societatibus
586 1987 702 2029 inter
742 1989 891 2044 plures

269 2047 406 2086 socios
433 2047 552 2088 initis
572 2076 582 2093 ‚
603 2047 679 2088 ubi
702 2051 892 2091 rationes

266 2104 496 2147 Societatis
517 2106 573 2147 ob
597 2105 781 2149 aliorum
804 2109 889 2151 So·-

265 2166 433 2206 ciorum
453 2165 658 2207 interesse
674 2197 686 2214 ,
704 2170 779 2221 qui
808 2170 893 2211 hoc

265 2235 451 2279 pactum
467 2229 794 2268 assecurationis
806 2242 894 2271 cer-

266 2284 303 2327 ti
324 2282 433 2326 lucri
459 2299 548 2327 non
580 2285 808 2330 iniverunt
838 2303 893 2330 e-

264 2341 395 2386 xact'e
418 2345 687 2393 redduntur,
720 2344 765 2387 ἃ
802 2347 894 2389 fini-

267 2413 314 2449 ta
340 2404 560 2451 societate
596 2407 795 2463 apprime
826 2419 894 2452 σο-

1051 115 1317 174 gnoscitur,
1357 124 1510 159 utrum
1550 111 1682 157 dame„

1052 189 1162 219 num
1188 179 1291 225 ‚vel
1331 177 1503 218 lucrum
1540 191 1592 216 ex
1630 191 1682 218 ea

1055 237 1193 280 fuerit
1229 249 1505 293 reportatum
1529 264 1539 282 ‚
1578 247 1684 290 pos-

1055 307 1124 338 set
1162 298 1242 340 hoc
1299 310 1481 353 pactum
1520 295 1684 350 duplex

1058 356 1112 399 ab
1135 357 1286 411 aliquo
1307 371 1360 398 ex
1376 357 1501 398 sociis
1521 355 1609 395 fieri
1627 369 1685 395 a·

1058 417 1202 470 bsquae
1245 418 1526 460 conscientiae
1557 428 1688 456 seru-

1052 477 1192 533 pulo:
1240 478 1312 519 hic
1338 479 1458 518 enirn
1499 486 1686 519 cessaret

1053 549 1204 579 metus
1227 567 1239 585 ‚
1291 535 1346 578 ne
1384 538 1464 578 hoc
1501 547 1685 590 pactum

1058 596 1114 638 ad
1131 596 1434 655 obtegendum
1474 607 1688 646 mutu-um

1055 655 1317 700 Usurarium
1372 655 1508 698 fuerit
1557 653 1686 711 adje-

1058 729 1182 760 ctum
1211 749 1222 760 .
1501 768 1510 775 ἣ

1082 779 1234 822 Potest
1253 790 1308 820 ne
1330 777 1480 819 Socius
1519 784 1683 818 sortem

1058 837 1106 881 in
1157 838 1428 880 Societatem
1486 836 1686 877 conferre

1057 912 1163 941 curn
1212 908 1345 954 pacto
1367 927 1378 944 ‚
1411 896 1531 950 quod
1570 894 1686 936 Socii

1057 973 1158 1000 eam
1190 960 1460 1012 accipientes
1480 987 1490 1004 ‚
1512 958 1587 1012 qui
1609 968 1685 996 ne-

1055 1020 1180 1077 gotia
1199 1019 1428 1060 Societatis
1449 1030 1596 1073 gerere
1616 1016 1685 1056 dea

1058 1083 1167 1123 bent
1190 1109 1202 1127 ‚
1229 1093 1282 1121 ex
1318 1089 1403 1118 una
1442 1089 1564 1132 parte
1601 1076 1684 1131 ipsi

1055 1140 1354 1196 respondeant
1399 1149 1567 1178 certum
1597 1151 1687 1178 an·-

1061 1212 1204 1242 nuum
1229 1198 1402 1240 lucrum
1419 1228 1430 1246 ,
1452 1212 1526 1252 pro
1547 1196 1686 1242 lucro,

1057 1261 1180 1317 quod
1211 1273 1264 1302 ex
1289 1261 1501 1300 societate
1528 1270 1686 1312 spera-

1059 1332 1161 1368 tur;
1184 1319 1231 1363 Sc
1267 1335 1319 1361 ex
1353 1318 1438 1361 alia
1465 1318 1686 1373 partcip-

1059 1396 1160 1424 sum
1209 1380 1263 1421 de
1312 1392 1427 1422 sorte
1483 1390 1686 1420 securum

1059 1442 1282 1491 reddant3
1317 1442 1377 1481 ita
1416 1450 1469 1481 ut
1504 1441 1549 1479 in
1581 1451 1690 1492 quo·

1059 1515 1254 1555 cumque
1290 1513 1433 1541 rerum
1482 1512 1651 1542 eventu
1674 1526 1688 1547 ‚

1057 1560 1106 1605 Sc
1135 1562 1364 1603 Societatis
1414 1561 1687 1607 infortunio,

1058 1636 1232 1678 semper
1253 1623 1530 1676 quantitates
1553 1623 1598 1662 in
1626 1632 1687 1660 30ᾖ

1058 1685 1272 1726 cietatem
1310 1681 1519 1729 collatas„
1559 1682 1692 1723 debe·

1062 1754 1143 1786 ant
1174 1744 1256 1800 ipsi
1290 1743 1458 1791 sams,
1498 1741 1544 1785 &
1577 1744 1691 1785 inte-

1059 1817 1155 1862 gras
1176 1805 1407 1847 restituere
1432 1809 1450 1847 ⁴3

938 1863 1042 1907 Res.
1095 1865 1210 1907 Cum
1242 1868 1288 1907 in
1323 1866 1405 1908 hoc
1436 1878 1540 1907 casu
1562 1874 1691 1919 pecu-

961 1941 1033 1978 99.
1055 1925 1127 1966 nia
1159 1938 1248 1968 non
1286 1938 1582 1982 exponeretur
1616 1938 1694 1966 ne·

1056 1987 1296 2043 gotiationi
1348 1987 1544 2042 periculo
1601 1987 1691 2027 So-

1060 2048 1116 2087 cii
1151 2047 1364 2088 tradentis
1387 2077 1398 2095 ‚
1431 2046 1557 2088 nulio
1601 2061 1694 2088 mo·

1063 2107 1119 2148 do
1141 2119 1286 2162 posset
1306 2109 1386 2149 iste
1405 2107 1577 2148 lucrum
1599 2121 1694 2161 per-

1058 2167 1230 2221 cipere,
1266 2169 1384 2220 quod
1418 2182 1470 2209 ex
1490 2163 1581 2214 eius
1610 2179 1691 2207 usu

1060 2226 1320 2268 resultaret:
1341 2228 1431 2268 htec
1447 2229 1566 2268 enim
1586 2239 1693 2267 con-

1059 2287 1172 2328 ditio
1206 2287 1324 2340 quod
1355 2287 1567 2329 nimirum
1602 2302 1690 2341 pe-

1065 2347 1196 2388 cunia
1232 2349 1527 2405 negotiationi
1565 2361 1694 2401 expo-

1065 2417 1202 2448 natur
1230 2437 1242 2454 ,
1287 2409 1488 2465 periculo
1524 2408 1696 2454 traden-

1131 2467 1170 2510 E
1208 2479 1237 2515 4
1605 2471 1694 2516 tis,
