1889 2863
137 240 239 293 Im.

144 363 252 411 Res,

326 241 447 303 Quid
472 252 538 289 est
564 246 774 287 mutuum
793 183 865 300 ρξ·
883 184 1014 287 Ιῖἷεζ.

263 305 422 351 liatum
433 309 453 347 2

330 368 409 410 Est
438 376 644 409 mutuum
679 363 864 406 aliorum

173 438 200 475 ς
234 437 551 470 contractuum
563 422 707 468 veluti
726 423 796 480 pal
805 424 863 468 lio

141 544 240 591 Ὶηῑ.

143 724 248 771 Res.

173 793 200 829 6

144 970 238 1016 Int.

144 1209 249 1256 Res.

146 1875 243 1920 Im.

147 1995 233 2061 Res
241 2029 251 2040 .

148 2235 241 2278 Im.

263 487 494 532 obtectum
514 516 526 527 .

356 547 553 604 Quinam
615 552 867 587 contractus

263 618 445 664 possunt
482 615 693 646 mutuum
721 603 868 646 veluti

263 666 399 723 pallio
438 666 646 722 obtegere
664 666 683 703 ἓ

317 727 583 771 Contractus
608 723 866 779 emptionis,

261 783 308 828 &
333 785 606 833 venditionis
624 814 636 831 ‚
668 784 868 826 locatio-

269 850 336 890 nis
357 880 369 898 ‚
399 861 553 891 census
578 876 590 894 ,
624 843 868 892 societatis,

265 907 313 952 &
333 910 408 952 alii
440 911 531 951 fere
561 917 715 948 omnes
736 935 748 947 .

318 969 418 1027 Quo
436 980 565 1026 pacto
585 966 780 1023 dlgnosci
796 977 870 1019 po·

269 1040 356 1076 test
377 1061 389 1080 ,
411 1027 667 1083 hujusmodi
701 1037 874 1068 contra·

262 1099 686 1138 ctus‚contractum
716 1084 865 1127 mutui

263 1162 503 1209 contegere
524 1180 536 1197 ‚
572 1145 828 1190 &ocnltare
850 1173 863 1186 .

326 1209 546 1268 Cogno-sci
581 1219 760 1263 potest,
801 1220 870 1247 ac-

266 1283 421 1315 curate
437 1269 753 1326 perpendendo
767 1279 869 1309 con-

265 1333 457 1376 ditiones
477 1362 489 1381 ‚
521 1329 567 1372 δι
609 1340 765 1385 pacta,
814 1341 868 1368 ex

264 1393 426 1448 quibus
480 1402 574 1436 tota
627 1387 867 1432 conventio

261 1453 472 1497 coalescit
495 1483 507 1501 ‚
529 1449 574 1493 S<
594 1449 871 1491 consideran-

264 1515 321 1557 do
351 1527 408 1555 an
437 1528 491 1555 ex
515 1511 721 1554 omnium
741 1509 868 1550 unio-

261 1588 321 1617 ne
355 1574 598 1618 conventio
651 1568 860 1615 resultet,

265 1636 314 1676 in
345 1648 435 1690 qua
467 1633 756 1675 inveniantur
786 1629 866 1670 tria

265 1694 343 1736 ina
366 1726 377 1744 ,
411 1708 509 1749 quae
542 1700 730 1732 numero
745 1702 790 1730 2.
808 1688 869 1728 di-

262 1757 410 1796 ximus
454 1764 596 1796 mutuz
632 1748 870 1792 essentiam

269 1816 540 1858 constituere
564 1843 575 1854 .

334 1877 415 1918 Est
449 1887 506 1915 ne
543 1871 691 1914 licitus
722 1867 869 1911 mutui

268 1944 520 1977 contractus
541 1935 562 1972 ἓ

324 1997 382 2037 Et
412 1993 560 2035 hcitus
582 2020 594 2039 ‚
642 1987 686 2032 St
720 1988 870 2029 hone-

265 2066 356 2098 stus
395 2065 462 2096 est
487 2083 498 2100 ‚
529 2049 774 2092 dummodo
795 2048 868 2089 ob-

265 2124 498 2157 serventur
514 2111 631 2167 leges
650 2139 662 2157 ,
694 2121 803 2162 quas
822 2108 869 2150 in

267 2176 359 2230 ipso
390 2171 559 2220 iustitia
592 2168 831 2224 praescribit
856 2196 867 2209 .

334 2234 544 2290 Quaenam
576 2240 681 2270 suut
709 2226 875 2269 istaele.

266 2307 341 2349 ges
364 2323 376 2341 ‚
406 2304 502 2346 quae
537 2292 582 2331 in
603 2299 761 2331 mutuo
795 2286 865 2327 de-

268 2355 377 2394 bent
407 2348 620 2393 observari
643 2376 656 2395 ‚
697 2358 748 2388 ut
787 2343 865 2398 ju-

264 2425 355 2454 stus
377 2442 386 2459 ,
418 2408 463 2451 St
503 2411 710 2450 honestus
749 2417 865 2450 con-

266 2482 430 2517 tractus
471 2468 630 2512 evadat
648 2469 668 2506 ἓ

943 318 968 354 9

913 721 1009 766 Int-

914 1261 1000 1304 Res
1009 1292 1022 1306 .

951 1337 1003 1363 10

913 1448 1008 1492 Int.

912 1630 1014 1672 Res.

915 1749 1011 1791 Inc.

916 1868 1020 1911 Res.

953 1940 1023 1969 12.

1094 240 1224 302 Quod
1262 245 1492 300 quantitas
1512 259 1634 302 ‚quae

1032 316 1190 347 mutuo
1225 306 1354 348 datur
1389 335 1400 354 ‚
1441 309 1635 361 gratuito

1030 365 1216 407 omnino
1255 367 1421 415 detur;
1473 367 1531 409 ita
1582 379 1636 412 ut

1035 436 1267 467 mutuatur
1305 438 1393 467 non
1426 426 1571 482 exigat
1612 442 1636 469 a

1034 487 1306 528 mutuat-ario
1344 488 1515 527 ratione
1543 499 1639 526 mu·

1035 546 1102 587 tui
1145 544 1353 594 maiorem
1401 547 1639 600 quantita-

1037 614 1129 646 tem
1151 634 1164 652 ,
1199 618 1334 661 quam
1366 606 1446 660 ipsi
1489 619 1637 649 revera

1036 663 1162 707 dedit
1183 696 1195 708 .

1100 725 1143 766 Si
1207 737 1414 768 mutuans
1472 725 1641 769 ratione

1035 787 1185 828 mutui
1219 786 1410 841 amplius
1442 787 1579 843 exigit
1614 800 1638 827 a

1035 848 1343 893 mutuatam,
1383 858 1514 899 quam
1556 846 1642 900 ipsi

1034 917 1185 946 revera
1218 907 1341 949 dedit
1362 936 1373 954 ,
1410 903 1454 947 Sc
1474 905 1642 948 milita-

1038 973 1131 1006 tem
1150 995 1162 1012 ‚
1176 979 1250 1006 seu
1270 967 1440 1008 lucrum
1457 962 1640 1019 aliquod

1040 1036 1094 1065 ex
1141 1038 1373 1069 contractu
1419 1027 1640 1082 percipere

1033 1082 1261 1133 intendit,
1303 1088 1388 1129 erit
1416 1090 1523 1128 tunc
1549 1099 1643 1126 mu-

1038 1157 1166 1189 tuum
1199 1145 1349 1189 licitus
1371 1176 1383 1194 ‚
1417 1145 1467 1188 Sc
1496 1142 1638 1199 justus

1033 1217 1287 1250 contractus
1308 1210 1327 1248 ἓ
1430 1256 1434 1261 ι

1096 1267 1330 1317 Minime;
1379 1266 1456 1308 sed
1493 1266 1641 1321 potius

1036 1325 1121 1368 erit
1153 1337 1405 1370 contractus
1425 1325 1609 1368 illicitus
1629 1353 1643 1375 ,

1038 1385 1085 1430 ἃ
1115 1384 1305 1440 injustus
1329 1417 1341 1429 .

1088 1445 1219 1503 Quod
1248 1456 1480 1504 peccatum
1508 1459 1642 1488 com-

1035 1507 1182 1549 mittit
1206 1535 1217 1553 ,
1245 1508 1322 1561 qui
1363 1507 1446 1548 hoc
1503 1507 1637 1550 modo

1036 1567 1273 1624 pecuniam
1289 1577 1445 1608 mutuo
1470 1566 1581 1608 dat?

1094 1625 1213 1668 Illud
1229 1638 1465 1682 peccatum
1489 1655 1501 1673 ,
1518 1623 1640 1680 quod

1056 1699 1183 1728 usura
1215 1699 1404 1731 vocatur
1427 1716 1438 1727 .

1108 1749 1189 1788 Est
1217 1761 1272 1788 ne
1307 1748 1388 1789 hoc
1434 1753 1642 1795 certum,

1039 1804 1235 1850 &dubio
1266 1821 1419 1850 carens
1440 1810 1459 1848 ‘3

1101 1866 1180 1906 Est
1220 1868 1328 1912 adeo
1369 1877 1539 1909 certum
1565 1862 1641 1914 ‚Sc

1059 1924 1362 1969 indubitatum
1387 1956 1399 1974 ‚
1430 1936 1482 1968 ut
1523 1928 1642 1968 inter

1033 1985 1246 2028 veritates
1281 1985 1536 2027 Catholicas
1586 1986 1642 2027 ab

1035 2043 1231 2088 Ecclesia
1245 2045 1472 2087 Fidelibus
1487 2045 1534 2085 in
1555 2044 1638 2085 hac

1035 2106 1220 2147 materia
1262 2117 1492 2147 usurarum
1545 2115 1644 2158 pro-

1038 2163 1198 2219 positas
1219 2178 1241 2206 a
1263 2164 1504 2207 Benedicto
1517 2165 1638 2208 X1V.

1038 2235 1320 2266 recenseatur
1352 2226 1400 2267 in
1430 2223 1642 2280 supradi-

1032 2293 1104 2325 cta
1136 2284 1358 2326 Enciclica
1396 2282 1487 2330 Vix
1528 2296 1644 2341 per-

1031 2343 1192 2393 venic;
1224 2343 1302 2385 ubi
1324 2345 1512 2386 Canone
1547 2342 1648 2398 pri-

1034 2412 1111 2444 mo
1144 2403 1234 2443 hac
1262 2403 1429 2446 habet:
1460 2433 1491 2452 ‚‚
1524 2403 1639 2445 Pec-

1034 2491 1067 2511 .„
1098 2463 1186 2504 cati
1221 2476 1358 2519 genus
1383 2460 1496 2504 illud
1517 2460 1640 2516 quod

1031 2549 1067 2571 2,
1096 2534 1226 2565 usura
1254 2532 1467 2572 vocatur,
1503 2520 1643 2578 quod-

1535 2591 1641 2636 vque
