1889 2863
181 984 280 1029 Int.

180 1287 283 1331 Res.

199 1354 275 1398 34.

872 140 1043 197 (σε)

295 202 515 260 reliquum
539 205 690 241 autem
711 200 814 254 qula
837 213 927 255 pre.

294 265 411 309 tium
438 261 581 303 mutui
602 271 666 302 est
690 290 701 307 ‚
748 260 929 301 condu-

296 326 407 367 ctori
451 322 689 365 restituere
710 319 842 362 debet
862 348 873 361 .

326 387 366 425 δι’
394 396 493 424 aero
515 383 682 422 Domus
701 381 844 422 locata
858 391 927 421 su-

297 441 514 499 petlectili
537 451 692 483 ornata
715 450 824 481 esset
843 467 855 487 ‚
880 438 927 481 δε

299 502 572 545 Conductori
627 499 812 542 facultas
876 514 928 542 ea

299 560 458 605 Utessdi
479 559 609 601 &imi-ll
646 561 759 602 foret
797 559 929 599 tribu,
986 562 1031 587 ²37-

300 634 344 665 ta
363 653 374 670 ‚
395 632 499 663 tunc
520 622 712 674 pretium
735 619 928 660 locatIO-

300 684 367 726 nis
396 695 450 722 ex
472 680 554 722 hoc
592 680 739 736 capite
762 676 928 732 absque

298 753 431 785 usura
462 740 606 796 augeri
640 749 782 793 posset
798 740 928 792 ‚quia

297 799 497 856 supellex
519 801 701 841 materia
732 809 796 841 est
828 810 929 839 con·

300 873 468 906 tractus
491 859 723 901 locationis
739 868 832 901 non
850 858 929 900 mi-

302 935 383 965 nus
407 932 539 974 quam
564 919 734 961 Domus
762 947 775 959 .

329 984 381 1024 ln
415 981 574 1034 quibus
606 978 776 1020 casibus
810 988 926 1018 con-

302 1054 470 1086 tractus
520 1038 752 1082 locationis
801 1050 930 1079 suam

301 1101 573 1159 peculiarem
614 1110 821 1141 naturam
875 1112 932 1138 a-

299 1163 469 1209 mittit,
507 1157 552 1201 &
574 1162 618 1202 in
649 1168 932 1200 contractum

299 1220 445 1266 mutui
487 1220 798 1261 convertitur?

336 1283 384 1324 In
422 1294 525 1323 casu
560 1293 650 1334 quo
683 1292 746 1319 res
778 1276 932 1319 locatae

302 1343 507 1385 estimate
542 1337 804 1381 conductori
847 1347 933 1379 tra·

302 1404 467 1450 dantur
485 1431 496 1447 ,
528 1399 586 1442 ita
604 1411 654 1440 ut
675 1398 800 1439 finito
823 1406 931 1436 tem-

298 1477 409 1519 pore
478 1469 731 1501 contractus
793 1453 930 1496 libere

301 1522 438 1579 possit
484 1523 669 1562 Locator
708 1530 731 1557 a
767 1515 931 1556 condu-

302 1596 425 1625 ctore
455 1582 628 1638 exig-:re
650 1577 766 1619 ultra
803 1574 930 1616 loca-

303 1643 441 1687 tionis
463 1642 656 1693 pretium
678 1666 688 1683 ,
706 1634 777 1678 vel
802 1647 863 1677 res
885 1635 932 1675 i-

303 1716 401 1758 psas
420 1701 616 1746 traditas,
631 1695 704 1740 vel
718 1694 938 1746 valorem,-

301 1777 383 1806 seu
405 1762 622 1816 pretium,
639 1770 728 1811 qu)
749 1756 934 1796 fuerunt

305 1824 521 1865 estimatae
544 1838 556 1870 ;
579 1820 681 1874 quia
710 1818 791 1856 hoe
815 1815 932 1855 idem

306 1894 375 1924 est
395 1913 405 1929 ‚
422 1895 469 1922 ac
488 1882 522 1921 si
553 1892 623 1921 eas
662 1873 936 1919 vendidisset

310 1941 572 1983 Conductor
592 1938 675 1981 fide
698 1933 847 1977 habita
881 1935 936 1975 de

310 2003 485 2060 pretio,
524 1998 570 2042 ἃ.
604 1999 657 2038 ab
705 2010 755 2036 eo
791 1995 938 2047 quoad

312 2063 508 2116 pretium
555 2059 798 2102 solveretur
850 2066 940 2095 cer-

314 2134 410 2164 tum
460 2120 635 2160 lucrum
677 2115 890 2171 exegisset
921 2142 937 2161 ,

310 2180 432 2235 quod
453 2191 571 2221 certe
594 2176 810 2232 paliatum
846 2185 936 2214 mu-

312 2252 440 2282 tuum
466 2240 710 2280 usurarium
737 2235 938 2275 contine-

311 2312 375 2342 rer
401 2331 411 2347 ,
431 2312 531 2339 cum
551 2299 606 2340 rei
632 2295 800 2339 traditte
831 2293 940 2346 peri-

315 2359 466 2400 culum
500 2361 553 2399 ad
588 2360 730 2412 ipsum
753 2364 936 2407 empto-

314 2433 404 2459 rem
438 2452 448 2466 ‚
492 2432 568 2459 seu
622 2415 934 2456 conductorem

315 2489 568 2536 expectaret
598 2490 653 2522 ut
684 2490 732 2519 n.
764 2486 837 2526 73.
859 2471 934 2515 di-

975 261 1073 305 Int.

977 859 1061 904 Res
1069 888 1079 900 .

1062 950 1074 962 .
1096 920 1184 962 rius
1217 929 1282 959 est
1297 947 1309 964 ,
1332 917 1402 958 uti
1426 919 1618 959 rationes
1642 930 1725 959 nu-

1095 207 1220 244 ctum
1247 202 1340 239 est.

1123 260 1263 301 Boves
1309 253 1529 315 Agricolis
1575 255 1721 304 locare

1095 319 1225 363 certis
1262 318 1475 358 mensuris
1511 317 1722 360 frumen..

1097 381 1131 424 ti
1150 379 1202 421 ad
1220 390 1390 420 annum
1411 407 1423 424 ‚
1442 386 1509 420 est
1529 374 1586 419 ne
1610 379 1720 421 lici-

1098 435 1324 484 tum'cum
1360 438 1491 482 boves
1523 439 1722 483 estimati

1093 499 1333 546 traduntur
1363 513 1379 549 3
1433 499 1554 541 Itaut
1588 499 1721 541 dam-

1096 573 1205 600 num
1248 588 1261 606 ,
1310 557 1387 601 vel
1439 557 1680 601 diminutio
1702 588 1718 608 ‚

1095 619 1232 674 quam
1257 619 1301 660 in
1323 616 1473 660 valore
1493 618 1724 671 patiantur

1097 679 1152 722 ad
1173 677 1381 735 agricolas
1402 680 1693 720 conductores
1708 706 1725 727 ,

1096 736 1144 782 δί
1165 751 1254 781 non
1278 737 1332 778 ad
1361 738 1621 780 Locatorern
1653 751 1727 780 ex-

1097 800 1283 853 pectet?

1130 859 1394 901 Contractus
1439 857 1521 899 iste
1555 856 1725 900 Usura-

1099 991 1220 1021 mero
1237 975 1520 1020 antecedenti
1541 977 1726 1035 exposi-

1096 1051 1150 1083 tae
1164 1033 1281 1079 clare
1298 1035 1604 1081 demonstrant
1618 1067 1630 1086 ,
1650 1049 1725 1079 ve-

1095 1109 1337 1143 runtamen
1355 1097 1389 1138 si
1414 1098 1693 1151 paciscantur
1710 1124 1727 1144 .
1750 1094 1756 1102 '

1097 1158 1219 1216 quod
1250 1157 1518 1206 diminutio,
1547 1156 1621 1199 vel
1654 1154 1728 1198 da·

1096 1231 1260 1262 mnum·
1296 1247 1309 1265 ‚
1358 1216 1478 1272 quod
1540 1216 1728 1259 decursu

1097 1278 1307 1334 temporis
1328 1277 1461 1320 boves
1480 1276 1731 1331 patiantur,

1096 1340 1154 1382 sit
1190 1340 1380 1378 'comune
1416 1338 1530 1379 inter
1561 1335 1727 1377 Domi-

1099 1410 1209 1440 num
1230 1427 1242 1444 ‚
1264 1395 1310 1440 ἃ.
1327 1391 1727 1442 conductorem‚&

1096 1459 1214 1502 inter
1231 1459 1344 1512 ipsos
1362 1456 1498 1510 aequis
1528 1452 1730 1511 partibus

1100 1517 1326 1559 dividatur
1346 1547 1357 1566 ‚
1390 1527 1500 1558 tunc
1538 1524 1728 1557 contra-

1098 1588 1198 1620 ctus
1231 1578 1285 1618 ab
1305 1589 1434 1618 usura
1467 1575 1578 1619 liber
1613 1586 1729 1615 eva-

1101 1637 1199 1683 dit,
1236 1647 1289 1678 ut
1336 1636 1467 1677 docet
1513 1632 1729 1676 Benedic.

1098 1695 1219 1741 XIV.
1236 1695 1290 1737 de
1314 1696 1421 1753 Syn.
1437 1694 1730 1741 Diae.1ib.19.

1098 1757 1209 1810 Cap.
1227 1769 1270 1805 3.
1295 1757 1342 1799 in
1364 1756 1447 1796 hoc
1477 1765 1627 1796 tamen
1662 1765 1734 1794 ca·

1099 1828 1151 1857 su
1173 1817 1337 1859 bovum
1375 1815 1595 1856 Dominus
1618 1813 1731 1854 inte·

1099 1889 1223 1932 gram
1264 1876 1510 1919 mercedem
1541 1885 1619 1928 pro
1653 1871 1728 1912 10-

1101 1935 1278 1978 catione
1346 1947 1500 1975 eorum
1554 1933 1729 1987 exigere

1103 2007 1194 2036 non
1232 2004 1402 2051 potest,
1441 1992 1516 2036 sed
1550 2003 1728 2034 tanturn

1106 2054 1392 2099 medietatem
1459 2052 1672 2094 mercedis
1714 2079 1730 2098 ,

1105 2126 1239 2168 quam
1267 2112 1389 2163 iuxta
1423 2114 1507 2155 loci
1536 2123 1729 2155 consue-

1104 2175 1309 2217 tudinem
1347 2174 1522 2232 exigere
1550 2170 1728 2217 solent,

1102 2235 1179 2287 qui
1203 2234 1333 2277 boves
1351 2234 1510 2286 absque
1530 2234 1611 2273 hac
1629 2243 1729 2271 con-

1104 2295 1275 2337 ditione
1314 2293 1495 2335 locant:
1519 2291 1622 2347 quia
1651 2299 1728 2343 pro

1103 2365 1229 2409 parte
1262 2382 1274 2399 ‚
1318 2356 1363 2395 in
1399 2366 1487 2406 qua
1533 2348 1728 2394 estimati

1103 2413 1342 2458 traduntur
1377 2413 1492 2456 nihil
1529 2410 1726 2465 accipere

1101 2483 1249 2530 potest
1268 2501 1283 2516 .
1623 2521 1626 2524 ,

1631 2523 1726 2569 Im.
