1889 2863
97 334 114 394 r*-

97 1233 192 1282 Im.

95 1660 198 1706 Res.

100 1737 198 1774 109.

788 157 981 209 (79)·

221 248 250 268 ,,
281 228 372 272 que
404 213 634 272 Episcopis
679 217 728 260 in
760 219 853 259 sui⁸

218 308 250 328 ,‚
281 278 544 320 Dioecesanis
573 278 746 319 Sinodis
784 278 854 320 Sa·

219 368 251 388 ‚,
284 338 561 392 pientissime
580 334 748 378 fastum
788 351 852 379 re·

217 427 250 448 ,‚
279 397 432 439 ferunt
449 397 650 439 Genetus
672 408 784 439 torn.
805 412 850 444 7·

221 487 253 506 ‚‚
287 455 411 499 trae’c.
440 472 482 501 4.
510 457 622 512 Cap.
671 469 742 505 ‹4.
762 487 773 505 ‚
802 455 851 499 ὅτ.

218 546 253 566 ,,
283 517 438 560 Natal.
457 516 589 559 Alex.
606 518 690 573 Ep.
712 530 785 565 94.
801 518 849 559 in

218 607 249 626 ‚‚
283 577 530 631 appendice
559 582 614 622 ad
653 589 765 620 torn.
801 591 848 620 2.

223 667 251 686 ‚‚
283 649 369 676 suae
386 636 610 693 Theolog.
633 638 817 680 Moralis
841 669 852 681 .

218 697 303 738 His
342 695 451 738 adeo
473 699 719 752 perspicuis
740 700 854 741 tanti

219 756 447 800 pontificis
505 760 649 801 verbis
702 771 855 814 aperte

217 816 536 860 manifestatur
563 818 758 873 qualiter
795 820 850 861 de

216 875 450 920 conti-astu
492 879 607 921 trino
636 907 650 926 ‚
704 879 850 935 deque

212 934 307 992 ejus
346 938 651 992 prohibitione
691 942 739 981 in
787 951 849 982 to·

215 997 298 1040 ties
330 998 511 1045 laudata
560 999 726 1041 Bulla:
763 999 851 1041 De·

214 1055 442 1102 testabilis
483 1056 595 1102 fasta
626 1061 811 1102 senserit
832 1089 848 1110 ‚

212 1131 350 1174 quare
381 1121 542 1163 inutile
578 1132 754 1176 prorsus
786 1122 849 1163 fo-

212 1191 278 1220 ret
309 1181 368 1221 eis
390 1181 475 1222 alia
511 1180 807 1235 superaddere
827 1212 838 1222 .

242 1239 385 1284 Verba
423 1240 502 1283 ilia
534 1253 676 1296 nuper
710 1243 849 1286 citata

218 1315 273 1343 ex
295 1300 500 1358 Benediq.
519 1301 641 1347 XIV.
667 1315 753 1358 pro
782 1304 852 1344 υἱ.

213 1361 337 1404 ribus
369 1361 586 1419 impedire
642 1361 849 1409 indicant

214 1419 270 1462 ne
301 1422 576 1478 Episcopum
605 1433 730 1478 posse
763 1424 845 1464 hu-

208 1478 279 1537 jus
336 1481 586 1525 contractus
649 1484 845 1526 celebra·

210 1543 382 1586 tionem
420 1545 507 1585 suis
539 1541 729 1587 subditis
750 1555 849 1599 pro-

216 1601 369 1647 hibere
389 1606 408 1645 ⁵3

261 1663 449 1707 Certum
486 1660 671 1707 videtur
721 1664 845 1706 hunc

220 1737 309 1766 esse
378 1725 538 1767 horum
601 1725 843 1768 ,verborum

212 1797 390 1828 sensum
414 1815 426 1833 ‚
454 1785 559 1840 quia
597 1785 680 1827 hoc
701 1797 767 1827 est
799 1799 843 1825 u-

209 1846 364 1887 nicum
390 1846 589 1887 medium
611 1875 623 1893 ‚
644 1845 765 1900 quod
786 1847 840 1887 F.-

207 1907 381 1960 piscopi
410 1907 579 1948 habent
615 1908 669 1947 ad
690 1917 840 1948 conse·

208 1965 443 2018 quendum
485 1966 553 2007 sui
595 1967 677 2008 zeli
728 1965 840 2009 effe·

210 2025 330 2068 &turn
367 2057 380 2075 ‚
431 2025 476 2068 δε
516 2027 836 2069 exterminium

213 2088 448 2134 abusuuim
471 2089 546 2141 qui
569 2088 614 2127 in
635 2100 709 2129 sua
730 2087 843 2128 Dite·

211 2147 297 2186 cesi
329 2148 606 2202 irrepserint:
644 2147 685 2189 Si
717 2149 840 2190 enim

213 2205 325 2247 nihil
352 2209 492 2248 faeere
536 2219 714 2262 possent
751 2209 838 2249 nisi

213 2266 434 2309 adhortari
489 2268 687 2309 subditos
725 2298 734 2315 ,
789 2267 838 2310 St

214 2338 367 2368 contra
407 2340 560 2381 pravos
581 2329 740 2369 abusus
770 2328 838 2370 in-

209 2384 415 2434 clamare,
438 2386 481 2429 St
506 2391 551 2430 in
587 2402 690 2429 casu
709 2418 719 2434 ‚
744 2402 835 2441 quo

207 2447 277 2486 sui
313 2448 429 2488 male
475 2449 620 2490 feriati
667 2448 836 2491 subditi

208 2516 362 2550 eorum
397 2507 725 2555 adhortationes
744 2537 756 2557 ³
786 2506 834 2551 &-

899 634 1001 681 lnt.

898 816 1000 861 Res.

902 893 1004 921 100.

1022 215 1370 263 declamationes
1392 219 1654 273 irriderent,

1021 279 1352 333 nihiiamplius
1389 281 1529 323 facere
1562 297 1656 338 pos-

1017 350 1118 381 sent
1140 369 1150 384 .
1167 339 1408 393 prudenter
1441 340 1651 396 Episcopi

1020 399 1073 440 ab
1129 398 1195 440 his
1258 400 1655 444 adhortationibus

1016 460 1294 503 abstinerent
1317 490 1330 507 ‚
1395 474 1451 500 ne
1530 460 1653 509 iuris-

1017 517 1258 560 di6honem
1340 520 1655 575 Episcopalern

1015 580 1305 634 contemptui
1344 592 1653 634 exponerent.

1055 639 1205 680 Potest
1249 655 1305 681 ne
1339 640 1404 680 hae
1443 639 1654 695 interpre-

1023 701 1135 740 tatio
1157 697 1352 740 doetrina
1387 702 1522 754 ipsius
1540 701 1654 744 Ben.

1021 759 1121 804 le
1135 789 1146 800 .
1162 759 1407 801 confirmari
1428 763 1448 800 ἓ

1055 818 1206 862 Potest
1255 817 1362 860 sane
1400 819 1650 861 confirmari

1026 893 1080 920 ex
1120 879 1211 928 his,
1245 893 1343 934 quae
1377 882 1470 934 ipse
1506 881 1652 923 Ponti-

1018 938 1093 980 fex
1121 939 1306 981 adducit
1330 940 1440 994 Cap.
1467 945 1508 981 8.
1541 938 1657 986 eius·

1017 999 1121 1041 dem
1145 1000 1240 1040 iibri
1263 1018 1276 1050 ;
1305 1000 1363 1041 ibi
1402 1002 1523 1042 enim
1549 1001 1656 1055 Epi·

1013 1072 1168 1115 scopos
1213 1062 1427 1103 admonet
1453 1090 1465 1106 ‚
1504 1071 1557 1102 ut
1590 1060 1655 1102 di-

1014 1121 1208 1176 ligenter
1241 1133 1502 1164 examinent
1545 1132 1654 1161 con.

1018 1179 1181 1223 trac‘tus
1231 1181 1468 1223 inusitatos
1490 1211 1501 1228 ,
1534 1193 1648 1235 quos

1019 1241 1195 1284 insueta
1240 1251 1368 1283 veste
1414 1244 1652 1284 cirsumve·

994 1298 1147 1344 ‘stitos
1184 1303 1232 1343 in
1283 1300 1515 1342 Diaecesim
1551 1303 1654 1343 irre-

1022 1375 1126 1417 pere
1164 1361 1438 1404 advertunt:
1487 1375 1569 1403 nec
1599 1363 1651 1403 si-

1016 1422 1120 1463 n'ere
1155 1421 1303 1462 ullum
1344 1434 1498 1463 eorum
1530 1435 1649 1462 com-

1021 1484 1150 1524 muni
1170 1494 1254 1523 usu
1274 1482 1411 1536 recipi
1436 1510 1447 1524 ‚
1465 1481 1557 1521 nisi
1589 1480 1650 1522 ab

1013 1543 1141 1584 omni
1198 1555 1365 1583 usurae
1399 1542 1601 1597 periculo
1635 1558 1650 1591 ;

1012 1617 1153 1658 quam
1195 1603 1327 1657 longye
1358 1603 1510 1643 abesse
1535 1615 1652 1642 com-

1003 1662 1208 1720 pererint
1232 1693 1242 1703 .
1263 1663 1377 1704 Cum
1417 1663 1556 1717 igitur
1579 1662 1650 1703 tri-

1014 1737 1096 1764 nus
1130 1720 1380 1765 contraditis
1407 1734 1548 1763 umrae
1575 1735 1654 1776 pe-

1010 1782 1152 1826 riculo
1172 1814 1183 1831 ‚
1204 1781 1249 1824 8(
1270 1784 1519 1837 suspitione
1555 1795 1648 1822 non

1010 1855 1185 1890 careat,
1208 1853 1392 1897 possunt
1416 1854 1644 1896 quamop-

1008 1906 1121 1947 time
1154 1904 1366 1957 Episcopi
1406 1917 1460 1943 εκ
1508 1903 1647 1957 ipsius
1678 1904 1681 1907 “

1008 1965 1120 2006 ssen.
1144 1963 1262 2007 XIV.
1289 1961 1523 2003 Sententia
1556 1963 1645 2003 suis

1008 2025 1198 2067 subditis
1220 2024 1342 2065 hunc
1364 2020 1643 2064 contractum

1009 2086 1244 2142 prohibere
1260 2114 1270 2130 ‚
1293 2081 1452 2124 eodem
1482 2083 1615 2123 nio-:io
1629 2111 1643 2131 ‚

1007 2158 1099 2200 quo
1166 2142 1397 2199 prohibere
1456 2155 1643 2197 possunt

1008 2204 1258 2248 contracstus
1280 2233 1293 2252 ,
1337 2203 1414 2257 qui
1466 2204 1642 2245 noviter

1005 2266 1379 2311 introducantur,
1403 2260 1449 2304 Sc
1475 2263 1640 2304 eodem

1003 2339 1144 2368 usurae
1168 2325 1365 2378 periculo
1398 2322 1605 2365 laborent
1624 2355 1636 2366 .

1004 2386 1123 2428 Cum
1159 2385 1281 2427 enim
1324 2395 1482 2440 agatur
1520 2383 1573 2424 de
1593 2396 1639 2426 re

1002 2444 1099 2502 jure
1131 2444 1353 2491 naturali,
1395 2441 1442 2484 &
1471 2443 1636 2486 Divino

1000 2506 1224 2563 prohibita
1247 2534 1259 2555 2
1281 2516 1420 2562 quam
1452 2503 1635 2545 diutur-

1486 2575 1571 2606 nus
