1889 2863
894 202 1069 259 (¹3)

337 288 370 311 2„
399 274 522 305 crum
546 289 558 310 ,
587 261 666 317 qui
706 262 752 303 in
795 272 947 304 secun-

339 352 368 372 „
402 324 458 365 do
524 334 628 363 casu
701 322 944 378 percipitur

338 412 369 430 ‚‚
401 381 646 423 dummodo
686 385 746 424 sit
795 389 946 428 mode-

334 470 368 490 „
399 442 840 495 ratum‚m0dumque
862 459 945 486 ser-

336 530 370 550 „
398 512 477 543 vet
513 513 535 540 a
582 504 731 554 patriae
770 503 943 562 legibus

335 590 368 609 ‚‚
400 561 636 603 definitum
659 591 670 603 .
711 563 797 605 Hic
827 563 944 608 clare

337 618 384 662 ἃ
406 620 636 675 perspicue
655 621 853 676 loquitur
867 625 943 667 Be-

335 681 539 721 nedictus
581 680 700 726 xlv.
743 683 795 724 de
845 684 941 734 his,
1004 679 1008 683 ’

334 740 414 792 qui
429 752 664 794 pecuniam
687 755 843 786 mutuo
860 755 943 787 tra-

333 799 449 841 dunt
464 800 526 840 ad
547 803 903 856 neqotiationem
929 835 942 853 ‚

335 871 390 902 ut
437 861 605 902 scilicet
646 865 943 907 mutuatarius

335 934 434 962 eam
463 933 715 975 quaestuosae
743 926 942 984 negotia-

335 983 450 1024 tioni
518 983 782 1036 impendam
850 999 940 1040 qua

335 1043 391 1084 de
426 1054 550 1082 causa
579 1045 819 1086 censebant
863 1044 939 1086 ali-

332 1103 410 1157 qui
434 1100 567 1143 A.A.
601 1102 823 1144 Catholici
844 1117 938 1145 mu·

333 1173 462 1203 tuum
489 1192 501 1209 ‚
537 1163 620 1203 sub
661 1164 742 1205 hoc
774 1177 903 1219 pacto
923 1193 937 1213 ‚

335 1220 382 1263 Sc
404 1223 660 1265 conditione
689 1225 852 1266 initum
872 1238 938 1265 su-

333 1294 406 1322 am
434 1283 652 1337 propi-iarn
674 1312 686 1329 ‚
726 1282 771 1324 St
810 1297 936 1338 pecu·

331 1342 484 1382 liarem
506 1355 711 1385 naturam
727 1343 938 1398 quodam-

331 1403 466 1444 modo
480 1405 685 1446 amittere
708 1433 718 1450 ‚
743 1417 822 1444 nec
841 1402 933 1458 jam

333 1477 425 1504 esse
459 1463 569 1504 illud
608 1476 846 1511 mutuum,
882 1478 935 1506 ex

332 1537 422 1577 quo
455 1524 567 1565 nihil
605 1526 769 1578 absque
808 1536 934 1565 usura

332 1586 449 1640 exigi
488 1594 661 1639 potest,
691 1584 765 1625 sed
799 1584 933 1626 aliam

332 1645 520 1691 mutui,
561 1644 634 1687 vel
682 1655 933 1687 contractus

333 1706 525 1758 speciem
568 1718 702 1758 quam
727 1716 932 1747 mutuum

330 1766 652 1821 negotiationis
719 1766 934 1806 nomina-

334 1824 476 1871 bant,
506 1839 559 1866 ex
597 1837 684 1878 quo
726 1823 935 1868 dicebant

333 1884 611 1926 moderatum
653 1884 823 1924 lucrum
847 1886 936 1926 abs-

332 1956 422 1997 que
453 1957 580 1985 usura
616 1944 732 1999 exigi
774 1958 897 1999 posse
921 1974 934 1986 .

338 2007 444 2046 Haec
483 2015 576 2047 erat
617 2002 795 2045 illorum
839 2017 936 2045 sen-

333 2066 478 2108 tentia
515 2082 530 2115 ;
574 2062 648 2105 sed
706 2064 934 2105 audiamus

331 2125 444 2179 quid
480 2125 534 2165 de
561 2136 611 2164 ea
645 2122 934 2165 Doctissimus

332 2185 542 2227 Pontifex
563 2184 680 2224 dicat
694 2212 705 2224 .
721 2182 932 2230 „Novam

333 2273 366 2292 „
404 2245 515 2284 haue
561 2242 893 2285 distinctionem
919 2271 932 2289 ,

333 2334 363 2352 „
400 2305 674 2357 prosequitur
692 2315 818 2342 num.
856 2314 930 2349 4⁴·

336 2392 367 2410 „
400 2365 452 2403 ab
493 2363 703 2404 haereticis
735 2362 929 2415 primum

335 2452 365 2469 ‚,
397 2423 694 2479 excogitatam
744 2433 928 2474 praever-

339 2510 369 2529 ‚,
402 2492 544 2523 terant
610 2480 818 2522 Ecclesiae
858 2479 935 2520 Pa-

337 2569 369 2590 ‚‚
401 2551 482 2585 tres
504 2570 517 2590 ‚
546 2541 623 2597 qui
652 2553 742 2585 uno
772 2551 845 2583 ore
865 2539 934 2582 ab·

981 1517 1006 1559 I
1008 1532 1073 1562 nr.

1113 291 1142 312 ,,
1173 261 1321 307 solute
1340 293 1353 313 ‚
1385 270 1525 320 atque
1558 266 1720 312 indefl-

1113 352 1144 371 ‚,
1175 325 1219 365 ni
1227 335 1269 366 te
1289 325 1484 366 faenerati
1495 326 1605 368 tium
1625 342 1722 383 pro,

1113 411 1144 432 ‚,
1165 385 1484 427 nuntiaverant
1496 386 1720 442 quidquid

1110 471 1143 491 ‚‚
1175 456 1228 485 ex
1246 454 1402 485 mutuo
1416 445 1533 487 ultra
1555 457 1719 490 sortem

1111 532 1142 551 ‚‚
1175 505 1394 560 exigitur,
1431 518 1568 559 quem
1609 517 1720 548 erro.

1109 577 1203 604 rem
1222 564 1312 618 ipse
1330 577 1497 617 sequen
1506 567 1536 607 ti
1547 567 1623 606 bus
1639 579 1719 607 nu·

1110 624 1244 664 meris
1275 622 1557 666 validissimis
1594 638 1721 684 argu-

1110 683 1274 724 mentis
1308 686 1507 740 exagitat
1527 713 1540 729 ,
1560 681 1607 726 8(
1624 696 1718 727 tan-

1110 741 1213 783 dem
1249 755 1436 785 numero
1466 758 1536 786 10.
1559 773 1573 792 ‚
1608 758 1679 786 ιι.
1701 775 1719 793 ,

1109 799 1156 844 Sc
1188 815 1257 844 12.
1296 813 1480 848 testatur
1512 804 1631 844 hunc
1655 818 1716 846 er-

1110 872 1252 903 rorem
1288 863 1343 904 ad
1393 863 1605 906 hzereticis
1651 864 1715 904 in-

1108 933 1298 965 ventum
1315 953 1328 971 ‚
1356 920 1402 964 81
1423 923 1476 964 ab
1494 923 1715 978 aliquibus

1109 981 1165 1024 D.
1202 983 1260 1024 D.
1292 982 1537 1025 Catholicis
1584 996 1715 1024 rece—

1107 1053 1264 1095 ptum,
1297 1044 1350 1084 ab
1378 1044 1471 1097 ipso
1505 1044 1635 1084 fuisse
1652 1056 1714 1083 re-

1107 1100 1410 1156 probatum&
1432 1104 1716 1152 damnatum,

1106 1164 1152 1202 in
1175 1161 1441 1216 supracitata
1488 1161 1716 1205 Enciclica

1103 1222 1187 1262 vix
1205 1222 1420 1279 pervenit
1452 1237 1503 1263 ex
1523 1234 1716 1263 sentes.-

1108 1282 1168 1322 tia
1214 1285 1350 1340 igitur
1389 1284 1523 1337 ipsius
1576 1281 1712 1325 Pont.

1104 1341 1239 1384 relata
1266 1343 1397 1385 verba
1416 1340 1545 1397 hujus
1565 1341 1713 1383 Enci-

1104 1401 1215 1443 elice
1268 1413 1510 1456 utrumque
1562 1413 1714 1444 casum

1105 1462 1495 1517 comprehendunt
1519 1491 1531 1503 .

1145 1520 1316 1576 Quibus
1331 1522 1573 1564 rationibus
1589 1523 1713 1565 evin·

1101 1581 1141 1622 ci
1165 1610 1177 1628 ‚
1210 1578 1256 1622 Sc
1296 1581 1584 1624 demonstrari
1635 1596 1711 1637 po-

1103 1650 1189 1682 test
1208 1671 1220 1689 ‚
1249 1641 1369 1695 quod
1396 1641 1462 1682 illi
1494 1642 1572 1695 qui
1614 1651 1710 1684 tra-

1105 1701 1219 1741 dunt
1237 1702 1474 1756 pecuniam
1511 1702 1714 1759 negotia-

1102 1761 1299 1808 toribus,
1347 1771 1400 1803 ut
1451 1774 1554 1806 eam
1587 1771 1706 1801 con-

1100 1822 1261 1862 stituto
1283 1832 1484 1875 ternpore
1501 1820 1673 1861 salvam
1695 1849 1709 1868 ,

1100 1878 1147 1921 St
1180 1880 1398 1937 integram
1452 1879 1670 1932 recipiant
1692 1897 1707 1928 ;

1102 1937 1150 1981 ἃ
1186 1940 1220 1979 si
1253 1953 1350 1980 eam
1401 1939 1580 1980 tradant
1628 1939 1708 1978 sub

1103 2009 1234 2054 pacto
1254 2027 1263 2042 ‚
1285 1997 1602 2040 &conditione
1618 2030 1630 2046 ‚
1656 2008 1709 2040 ut

1100 2070 1199 2099 eam
1233 2059 1406 2111 praecise
1442 2057 1707 2115 negotiatio-

1101 2117 1147 2156 ni
1201 2116 1467 2170 impendant
1489 2147 1501 2164 ,
1549 2129 1707 2159 verum

1101 2176 1395 2217 nihilominus
1423 2186 1707 2217 contractum

1100 2237 1249 2277 mutui
1285 2235 1475 2285 ineant;
1510 2236 1570 2277 ita
1604 2247 1654 2277 ut
1672 2235 1707 2275 i—

1098 2296 1204 2337 stius
1245 2297 1362 2350 pacti
1380 2293 1588 2349 adjiectio
1607 2307 1708 2342 ‚na-

1099 2367 1241 2397 turam
1300 2366 1557 2397 contractus
1611 2367 1702 2395 non

1103 2415 1349 2461 immutet,
1381 2427 1464 2456 nee
1515 2425 1617 2455 eum
1655 2414 1701 2453 in

1108 2473 1242 2517 aliam
1294 2484 1544 2516 contractus
1594 2484 1705 2525 spe-

1101 2534 1215 2578 ciem
1242 2535 1506 2579 convertat?

1572 2587 1686 2635 Tres
