1889 2863
776 105 948 197 cei>

237 203 284 247 εὶ
302 205 451 249 verbis
471 234 483 252 ,
502 214 600 258 quae
634 202 694 244 ibi
713 201 873 262 'legun-

243 278 326 309 tur:
352 297 382 314 „
407 264 644 320 Naviganti
665 264 738 306 vel
766 278 872 305 eun-

240 357 271 377 „
307 329 336 370 ti
370 327 424 369 ad
452 325 672 367 nundinas
701 337 870 366 certam

243 417 274 436 ‚,
307 400 515 429 mutuans
533 385 732 441 pecuniae
767 399 871 439 qua-

240 476 270 496 „
304 448 511 489 mitatem
533 476 544 493 ,
564 460 640 501 pro
675 458 726 486 eo
749 445 870 499 quod

236 536 268 556 „
300 507 482 562 suscipit
512 507 559 547 in
609 520 654 546 se
685 508 868 562 pericu—

237 596 268 615 „
300 567 392 609 lum
427 597 438 614 ,
479 578 733 621 recepturus
774 567 864 610 ali-

234 657 267 676 „
299 628 409 682 quid
424 627 541 670 ultra
565 639 729 669 sortem
770 640 867 668 usu-

234 717 266 737 „
298 688 434 729 rarius
453 699 520 730 est
541 687 824 729 censendus?

117 744 221 790 ReS.
288 748 427 791 Nullo
466 747 614 795 modo,
652 750 757 802 quia
799 750 873 790 hie

132 817 213 856 55.
238 822 327 850 non
351 807 552 862 loquitur
584 809 794 852 Pontifex
816 810 870 850 de

237 868 406 910 duobus
427 869 748 916 contractibus,
765 882 870 925 quo-

231 942 334 971 rum
358 943 474 970 unus
495 930 548 970 ab
572 928 660 971 alio
690 943 780 972 non
801 930 871 972 de-

232 989 433 1046 pendeat
457 1007 468 1038 ;
490 988 567 1030 sed
601 989 655 1030 de
678 989 773 1031 solo
790 1021 801 1037 ,
823 988 870 1033 Sc

231 1052 370 1091 unico
391 1059 650 1092 contractu:
684 1051 786 1094 Non
808 1051 871 1093 lo-

231 1112 387 1165 quitur
409 1110 463 1151 de
500 1123 740 1153 mutuante
761 1142 772 1159 ,
789 1113 869 1166 qui

231 1182 476 1226 postquam
494 1181 705 1212 mutuum
728 1172 869 1227 gratis

230 1232 419 1272 omnino
441 1231 564 1272 dedit
600 1233 868 1290 naviganti,

230 1291 304 1334 vel
327 1292 455 1333 eunti
479 1290 531 1332 ad
553 1291 791 1340 nundinas,
811 1292 867 1334 ab

231 1351 338 1407 ipsis
375 1362 587 1409 rogatus,
629 1362 676 1395 et
707 1364 866 1394 eorum

230 1411 434 1467 precibus
478 1424 680 1453 annuens
706 1443 719 1462 ‚
758 1426 865 1455 cum

232 1472 338 1525 ipsis
357 1471 552 1514 celebrat
579 1483 868 1515 contractum

228 1532 569 1574 assecurationis
582 1534 865 1587 sortis,quem
909 1572 913 1578 .

232 1596 337 1631 cum
358 1603 644 1647 quacumque
664 1593 750 1635 alia
769 1608 867 1648 per-

231 1663 342 1692 sona
362 1654 582 1707 'poterant
609 1652 830 1696 celebrare
847 1671 862 1705 ;

230 1709 309 1751 sed
355 1710 503 1766 solum
555 1713 758 1766 loquitur
809 1714 864 1756 de

229 1781 473 1813 mutuante
505 1800 518 1818 ,
576 1774 655 1827 qui
707 1776 864 1818 renuit

229 1842 442 1872 mutuum
466 1833 602 1889 gratis
623 1830 754 1882 dare,
785 1834 864 1876 sed

228 1890 374 1932 solum
397 1890 451 1932 ad
483 1892 690 1940 lucrum,
721 1893 776 1936 ed
806 1895 863 1937 ad

225 1949 556 1992 honestandam
572 1951 655 1994 hoc
671 1953 865 2002 lucrum,

225 2010 351 2063 quod
386 2023 442 2053 ex
487 2023 732 2056 contractu
771 2029 867 2069 per-

220 2073 369 2124 cipere
403 2071 628 2122 intendit,
662 2074 862 2128 pericula

223 2140 450 2172 maritima
486 2144 534 2172 in
560 2145 606 2173 se
640 2136 857 2178 assumit.

219 2189 353 2232 Unde
371 2190 608 2245 Gregorius
624 2193 860 2238 lX.neces·

213 2250 328 2292 sario
351 2249 543 2292 d‘ebebat
579 2251 704 2294 hunc
739 2267 860 2297 con...

215 2319 412 2352 tractum
445 2312 700 2353 usurarium
745 2326 857 2369 pro-

210 2368 454 2416 nuntiare,
491 2371 595 2423 quia
640 2383 855 2419 mutuum

218 2430 281 2471 ita
305 2429 552 2488 gratuitum
575 2430 712 2474 debet
745 2447 854 2484 esse,

214 2500 269 2534 ut
286 2498 526 2540 mutuans,
548 2489 664 2535 nihil
693 2497 851 2538 omni-

1041 215 1099 244 no
1122 201 1233 243 lucri
1275 215 1330 244 ex
1365 203 1460 256 ipso
1495 206 1674 262 exigat.

1041 277 1123 304 nec
1160 262 1418 304 immediate
1442 294 1454 310 ,
1477 278 1556 306 nec
1590 282 1676 308 me-

1042 320 1161 365 diate
1189 352 1200 370 ,
1242 322 1380 364 heneti
1393 329 1453 366 :io
1501 327 1676 370 scilicet

1041 384 1228 426 aliorum
1243 396 1555 430 contractuum
1582 400 1675 427 mu-

1044 457 1124 488 tuo
1145 446 1399 487 unitorum·
1431 450 1533 489 Non
1569 461 1677 502 pot-

1037 517 1104 547 est
1125 519 1334 548 mutuans
1365 508 1389 558 (
1411 508 1609 550 clamant
1628 522 1680 549 u.

1041 579 1100 607 no
1123 581 1195 607 ore
1230 580 1382 607 omnes
1409 568 1630 625 ‘l'heologi
1653 572 1676 622 )

1037 628 1270 681 imponere
1307 631 1582 671 mutuatario
1618 646 1676 672 0-

1043 701 1125 729 nus
1144 688 1322 742 aliquod
1344 692 1485 743 pretio
1503 692 1678 733 estima-

1043 747 1135 788 bile
1166 766 1175 788 :
1219 763 1273 790 ex
1307 762 1395 804 quo
1444 752 1676 798 inferunt,

1040 809 1164 862 quod
1185 810 1219 850 si
1242 809 1401 864 aliquis
1422 814 1557 865 gratis
1578 826 1676 854 mu-

1039 880 1171 912 tuum
1197 871 1321 912 daret
1339 900 1350 916 ‚
1370 874 1447 912 sed
1485 885 1677 915 mutua·-

1041 930 1155 972 tario
1177 943 1290 971 onus
1315 932 1585 985 imponeret,
1601 933 1675 975 vel

1040 990 1243 1033 molendi
1266 1004 1342 1032 sua
1361 1007 1495 1049 grana
1518 994 1561 1033 in
1578 1008 1680 1035 mu-

1039 1051 1212 1093 tuantis
1248 1051 1509 1095 molendino
1547 1084 1558 1100 ,
1600 1054 1676 1096 vel

1039 1111 1222 1153 emendi
1288 1112 1334 1151 in
1386 1111 1478 1160 eius
1516 1115 1676 1157 officina

1041 1185 1240 1228 pannos,
1274 1170 1320 1213 Sc
1353 1173 1459 1215 alias
1494 1187 1677 1223 merces,

1039 1244 1138 1285 quae
1162 1233 1244 1286 ipsi
1283 1232 1432 1276 forent
1467 1249 1677 1278 necessa-

1036 1293 1109 1333 riae
1129 1323 1141 1340 ,
1184 1292 1290 1335 licet
1326 1309 1403 1349 pro
1445 1296 1547 1350 ipsis
1585 1309 1677 1338 non

1037 1352 1221 1394 deberet
1242 1353 1342 1408 plus
1363 1355 1534 1399 solvere
1550 1386 1561 1403 ,
1582 1369 1675 1410 qu-

1038 1426 1109 1453 am
1131 1415 1275 1455 caeteri
1298 1427 1522 1470 emptores
1543 1446 1554 1461 ,
1575 1417 1676 1457 illi-

1038 1471 1093 1513 co
1115 1487 1269 1515 omnes
1287 1475 1340 1516 ad
1360 1489 1501 1517 unum
1523 1475 1676 1518 Theo-

1037 1532 1127 1590 logi
1151 1532 1269 1575 hunc
1288 1548 1576 1580 mutuantem
1610 1550 1673 1576 u-

1034 1606 1144 1634 surae
1161 1607 1285 1634 reum
1309 1610 1672 1649 pronuntiarent,

1033 1655 1207 1695 ratione
1231 1657 1459 1704 utilitatis,
1482 1655 1672 1704 &luem

1034 1714 1158 1767 quod
1199 1714 1414 1759 indirecte
1449 1733 1503 1760 cx
1540 1717 1670 1764 buius

1034 1776 1185 1816 mutui
1220 1788 1457 1818 contractu
1506 1793 1670 1819 tonse-

1031 1836 1223 1887 quitur,
1257 1850 1342 1891 ope
1378 1838 1550 1881 scilicet
1580 1839 1670 1879 ha-

1038 1909 1138 1936 rum
1160 1898 1486 1945 conditionum,
1506 1897 1551 1941 3(
1569 1910 1673 1939 coi.-

1036 1965 1266 1998 tractuum
1308 1971 1470 2001 mutuo
1506 1962 1670 2001 unito-

1034 2027 1136 2056 rum
1165 2047 1176 2058 .
1210 2016 1310 2073 Quo
1337 2021 1570 2074 supposito
1592 2035 1670 2061 re-

1037 2078 1219 2118 nuentis
1261 2080 1491 2135 naviganti
1536 2111 1548 2125 ‚
1594 2080 1666 2123 vel

1030 2138 1158 2179 eunti
1182 2137 1235 2177 ad
1271 2141 1497 2181 nundinas
1522 2155 1666 2196 pecu—

1036 2197 1159 2238 niam
1175 2209 1335 2240 mutuo
1358 2199 1459 2242 dare
1481 2202 1563 2242 nisi
1583 2202 1665 2241 sub

1030 2255 1114 2297 hac
1142 2258 1404 2301 conditione
1440 2275 1669 2303 assumen-

1027 2316 1074 2357 di
1091 2318 1137 2356 in
1155 2331 1199 2357 se
1220 2315 1342 2359 certo
1375 2322 1519 2375 pretio
1552 2325 1636 2363 vive
1655 2351 1666 2368 ‚

1030 2374 1078 2418 3<
1102 2377 1252 2426 maris,
1277 2375 1323 2418 ὃς
1361 2383 1666 2439 navigationis

1026 2435 1223 2492 pericula
1246 2467 1259 2484 ,
1281 2440 1442 2492 quibus
1472 2443 1663 2497 pecunia

1038 2497 1205 2597 crssdita
1223 2502 1423 2554 exposita
1445 2514 1665 2551 remanet,

1180 2570 1210 2598 2
1546 2577 1635 2604 ne-

1450 2611 1487 2622 Μ,
