<?xml version="1.0" encoding="UTF-8"?>
<!DOCTYPE html PUBLIC "-//W3C//DTD XHTML 1.0 Transitional//EN"
    "http://www.w3.org/TR/xhtml1/DTD/xhtml1-transitional.dtd">
<html xmlns="http://www.w3.org/1999/xhtml" xml:lang="en" lang="en">
 <head>
  <title>
</title>
<meta http-equiv="Content-Type" content="text/html;charset=utf-8" />
  <meta name='ocr-system' content='tesseract 3.04.00' />
  <meta name='ocr-capabilities' content='ocr_page ocr_carea ocr_par ocr_line ocrx_word'/>
</head>
<body>
  <div class='ocr_page' id='page_1' title='image "./tractatusdemutuo00corruoft_0054.png"; bbox 0 0 1889 2863; ppageno 0'>
   <div class='ocr_carea' id='block_1_1' title="bbox 174 2342 269 2385">
    <p class='ocr_par' dir='ltr' id='par_1_1' title="bbox 174 2342 269 2385">
     <span class='ocr_line' id='line_1_1' title="bbox 174 2342 269 2385; baseline -0.011 0"><span class='ocrx_word' id='word_1_1' title='bbox 174 2342 269 2385; x_wconf 77' lang='lat' dir='ltr'><strong>lm.</strong></span> 
     </span>
    </p>
   </div>
   <div class='ocr_carea' id='block_1_2' title="bbox 865 182 1036 239">
    <p class='ocr_par' dir='ltr' id='par_1_2' title="bbox 865 182 1036 239">
     <span class='ocr_line' id='line_1_2' title="bbox 865 182 1036 239; baseline 0.012 -2"><span class='ocrx_word' id='word_1_2' title='bbox 865 182 1036 239; x_wconf 78' lang='lat'>(50)</span> 
     </span>
    </p>
   </div>
   <div class='ocr_carea' id='block_1_3' title="bbox 167 296 1716 416">
    <p class='ocr_par' dir='ltr' id='par_1_3' title="bbox 167 296 1716 416">
     <span class='ocr_line' id='line_1_3' title="bbox 167 296 1716 356; baseline 0.004 -14"><span class='ocrx_word' id='word_1_3' title='bbox 167 296 299 342; x_wconf 68' lang='lat' dir='ltr'><strong>Res..</strong></span> <span class='ocrx_word' id='word_1_4' title='bbox 325 302 401 344; x_wconf 89' lang='lat' dir='ltr'><strong>Est</strong></span> <span class='ocrx_word' id='word_1_5' title='bbox 433 300 549 342; x_wconf 84' lang='lat' dir='ltr'><strong>illud</strong></span> <span class='ocrx_word' id='word_1_6' title='bbox 570 298 821 356; x_wconf 74' lang='lat' dir='ltr'><strong>perIculum</strong></span> <span class='ocrx_word' id='word_1_7' title='bbox 864 316 921 344; x_wconf 79' lang='lat' dir='ltr'><strong>a-</strong></span> <span class='ocrx_word' id='word_1_8' title='bbox 968 305 1074 348; x_wconf 78' lang='lat' dir='ltr'><strong>Res·</strong></span> <span class='ocrx_word' id='word_1_9' title='bbox 1124 303 1276 346; x_wconf 84' lang='lat' dir='ltr'><strong>Potest</strong></span> <span class='ocrx_word' id='word_1_10' title='bbox 1294 311 1400 344; x_wconf 83' lang='lat' dir='ltr'><strong>sane</strong></span> <span class='ocrx_word' id='word_1_11' title='bbox 1415 301 1636 348; x_wconf 72' lang='lat' dir='ltr'><strong>hoclicit&#39;e</strong></span> <span class='ocrx_word' id='word_1_12' title='bbox 1655 307 1716 348; x_wconf 89' lang='lat' dir='ltr'><strong>fa-</strong></span> 
     </span>
     <span class='ocr_line' id='line_1_4' title="bbox 190 360 1716 416; baseline 0.003 -13"><span class='ocrx_word' id='word_1_13' title='bbox 190 371 267 414; x_wconf 76' lang='lat'><strong>53.</strong></span> <span class='ocrx_word' id='word_1_14' title='bbox 294 361 503 405; x_wconf 83' lang='lat' dir='ltr'><strong>mittendi</strong></span> <span class='ocrx_word' id='word_1_15' title='bbox 550 370 718 403; x_wconf 87' lang='lat' dir='ltr'>sortem</span> <span class='ocrx_word' id='word_1_16' title='bbox 774 362 921 403; x_wconf 85' lang='lat' dir='ltr'><strong>tradi-</strong></span> <span class='ocrx_word' id='word_1_17' title='bbox 981 376 1059 416; x_wconf 89' lang='lat'><strong>54.</strong></span> <span class='ocrx_word' id='word_1_18' title='bbox 1093 376 1190 406; x_wconf 88' lang='lat' dir='ltr'><strong>cere</strong></span> <span class='ocrx_word' id='word_1_19' title='bbox 1223 360 1469 405; x_wconf 77' lang='lat' dir='ltr'><strong>dummodo</strong></span> <span class='ocrx_word' id='word_1_20' title='bbox 1502 362 1597 405; x_wconf 71' lang='lat' dir='ltr'><strong>dua</strong></span> <span class='ocrx_word' id='word_1_21' title='bbox 1629 364 1716 408; x_wconf 73' lang='lat' dir='ltr'><strong>illae</strong></span> 
     </span>
    </p>
   </div>
   <div class='ocr_carea' id='block_1_4' title="bbox 293 238 568 296">
    <p class='ocr_par' dir='ltr' id='par_1_4' title="bbox 293 238 568 296">
     <span class='ocr_line' id='line_1_5' title="bbox 293 238 568 296; baseline 0 -14"><span class='ocrx_word' id='word_1_22' title='bbox 293 239 386 283; x_wconf 77' lang='lat' dir='ltr'><strong>ium</strong></span> <span class='ocrx_word' id='word_1_23' title='bbox 425 238 530 296; x_wconf 73' lang='lat' dir='ltr'><strong>juris</strong></span> <span class='ocrx_word' id='word_1_24' title='bbox 547 240 568 281; x_wconf 75' lang='lat'><strong>⁶?</strong></span> 
     </span>
    </p>
   </div>
   <div class='ocr_carea' id='block_1_5' title="bbox 285 423 924 1548">
    <p class='ocr_par' dir='ltr' id='par_1_5' title="bbox 285 423 924 1548">
     <span class='ocr_line' id='line_1_6' title="bbox 295 423 920 476; baseline -0.002 -11"><span class='ocrx_word' id='word_1_25' title='bbox 295 432 401 470; x_wconf 88' lang='lat' dir='ltr'><strong>tam,</strong></span> <span class='ocrx_word' id='word_1_26' title='bbox 427 423 548 476; x_wconf 77' lang='lat' dir='ltr'><strong>quod</strong></span> <span class='ocrx_word' id='word_1_27' title='bbox 569 433 622 462; x_wconf 84' lang='lat' dir='ltr'><strong>ex</strong></span> <span class='ocrx_word' id='word_1_28' title='bbox 647 432 802 463; x_wconf 77' lang='lat' dir='ltr'><strong>natura</strong></span> <span class='ocrx_word' id='word_1_29' title='bbox 819 434 920 464; x_wconf 85' lang='lat' dir='ltr'><strong>con-</strong></span> 
     </span>
     <span class='ocr_line' id='line_1_7' title="bbox 294 480 917 524; baseline -0.005 -1"><span class='ocrx_word' id='word_1_30' title='bbox 294 480 454 523; x_wconf 60' lang='lat' dir='ltr'><strong>trac⁰tus</strong></span> <span class='ocrx_word' id='word_1_31' title='bbox 474 482 624 524; x_wconf 78' lang='lat' dir='ltr'><strong>mutui</strong></span> <span class='ocrx_word' id='word_1_32' title='bbox 656 481 709 521; x_wconf 86' lang='lat' dir='ltr'><strong>ad</strong></span> <span class='ocrx_word' id='word_1_33' title='bbox 729 493 917 524; x_wconf 82' lang='lat' dir='ltr'><strong>mutua..</strong></span> 
     </span>
     <span class='ocr_line' id='line_1_8' title="bbox 293 538 919 595; baseline -0.003 -11"><span class='ocrx_word' id='word_1_34' title='bbox 293 543 456 587; x_wconf 82' lang='lat' dir='ltr'><strong>tarium</strong></span> <span class='ocrx_word' id='word_1_35' title='bbox 476 538 801 595; x_wconf 70' lang='lat' dir='ltr'><strong>expc&amp;at‚quia</strong></span> <span class='ocrx_word' id='word_1_36' title='bbox 817 554 919 583; x_wconf 85' lang='lat' dir='ltr'><strong>cum</strong></span> 
     </span>
     <span class='ocr_line' id='line_1_9' title="bbox 290 600 922 647; baseline 0.002 -6"><span class='ocrx_word' id='word_1_37' title='bbox 290 603 417 643; x_wconf 85' lang='lat' dir='ltr'><strong>sortis</strong></span> <span class='ocrx_word' id='word_1_38' title='bbox 441 602 626 647; x_wconf 58' lang='lat' dir='ltr'><strong>traditae,</strong></span> <span class='ocrx_word' id='word_1_39' title='bbox 644 600 822 642; x_wconf 84' lang='lat' dir='ltr'><strong>virtute</strong></span> <span class='ocrx_word' id='word_1_40' title='bbox 841 602 922 642; x_wconf 92' lang='lat' dir='ltr'><strong>hu-</strong></span> 
     </span>
     <span class='ocr_line' id='line_1_10' title="bbox 288 657 920 718; baseline 0.002 -18"><span class='ocrx_word' id='word_1_41' title='bbox 288 657 359 718; x_wconf 80' lang='lat' dir='ltr'><strong>jus</strong></span> <span class='ocrx_word' id='word_1_42' title='bbox 402 658 650 702; x_wconf 61' lang='lat' dir='ltr'><strong>contracius</strong></span> <span class='ocrx_word' id='word_1_43' title='bbox 698 659 920 703; x_wconf 80' lang='lat' dir='ltr'>Dominus</span> 
     </span>
     <span class='ocr_line' id='line_1_11' title="bbox 296 719 923 774; baseline 0.002 -12"><span class='ocrx_word' id='word_1_44' title='bbox 296 719 457 764; x_wconf 85' lang='lat' dir='ltr'><strong>evadat</strong></span> <span class='ocrx_word' id='word_1_45' title='bbox 478 720 531 760; x_wconf 86' lang='lat' dir='ltr'><strong>ad</strong></span> <span class='ocrx_word' id='word_1_46' title='bbox 563 721 707 774; x_wconf 86' lang='lat' dir='ltr'><strong>ipsum</strong></span> <span class='ocrx_word' id='word_1_47' title='bbox 735 720 923 763; x_wconf 87' lang='lat' dir='ltr'><strong>utilita-</strong></span> 
     </span>
     <span class='ocr_line' id='line_1_12' title="bbox 293 778 924 836; baseline -0.002 -13"><span class='ocrx_word' id='word_1_48' title='bbox 293 791 359 823; x_wconf 84' lang='lat' dir='ltr'><strong>tes</strong></span> <span class='ocrx_word' id='word_1_49' title='bbox 377 811 388 829; x_wconf 86' lang='lat'>,</span> <span class='ocrx_word' id='word_1_50' title='bbox 417 778 464 822; x_wconf 67' lang='grc' dir='ltr'>ἃ</span> <span class='ocrx_word' id='word_1_51' title='bbox 484 779 677 835; x_wconf 84' lang='lat' dir='ltr'><strong>pericula</strong></span> <span class='ocrx_word' id='word_1_52' title='bbox 699 781 825 822; x_wconf 89' lang='lat' dir='ltr'><strong>sortis</strong></span> <span class='ocrx_word' id='word_1_53' title='bbox 845 782 924 836; x_wconf 82' lang='lat' dir='ltr'><strong>ip-</strong></span> 
     </span>
     <span class='ocr_line' id='line_1_13' title="bbox 290 839 914 895; baseline 0 -13"><span class='ocrx_word' id='word_1_54' title='bbox 290 843 379 882; x_wconf 77' lang='lat' dir='ltr'><strong>sius</strong></span> <span class='ocrx_word' id='word_1_55' title='bbox 411 850 653 895; x_wconf 80' lang='lat' dir='ltr'>expectant</span> <span class='ocrx_word' id='word_1_56' title='bbox 677 870 688 881; x_wconf 87' lang='lat'><strong>.</strong></span> <span class='ocrx_word' id='word_1_57' title='bbox 717 839 848 882; x_wconf 85' lang='lat' dir='ltr'>Unde</span> <span class='ocrx_word' id='word_1_58' title='bbox 877 842 914 883; x_wconf 84' lang='lat' dir='ltr'><strong>si</strong></span> 
     </span>
     <span class='ocr_line' id='line_1_14' title="bbox 291 898 915 958; baseline -0.002 -16"><span class='ocrx_word' id='word_1_59' title='bbox 291 901 572 958; x_wconf 77' lang='lat' dir='ltr'>Negotiator,</span> <span class='ocrx_word' id='word_1_60' title='bbox 590 898 663 942; x_wconf 79' lang='lat' dir='ltr'><strong>vel</strong></span> <span class='ocrx_word' id='word_1_61' title='bbox 680 910 818 942; x_wconf 88' lang='lat' dir='ltr'><strong>nauta</strong></span> <span class='ocrx_word' id='word_1_62' title='bbox 835 901 915 955; x_wconf 88' lang='lat' dir='ltr'><strong>qui</strong></span> 
     </span>
     <span class='ocr_line' id='line_1_15' title="bbox 291 961 918 1017; baseline -0.003 -15"><span class='ocrx_word' id='word_1_63' title='bbox 291 964 530 1017; x_wconf 87' lang='lat' dir='ltr'><strong>pecuniam</strong></span> <span class='ocrx_word' id='word_1_64' title='bbox 564 970 723 1002; x_wconf 89' lang='lat' dir='ltr'><strong>mutuo</strong></span> <span class='ocrx_word' id='word_1_65' title='bbox 751 961 918 1015; x_wconf 83' lang='lat' dir='ltr'><strong>recipi-</strong></span> 
     </span>
     <span class='ocr_line' id='line_1_16' title="bbox 291 1019 918 1077; baseline 0 -15"><span class='ocrx_word' id='word_1_66' title='bbox 291 1031 391 1068; x_wconf 88' lang='lat' dir='ltr'><strong>unt,</strong></span> <span class='ocrx_word' id='word_1_67' title='bbox 409 1020 485 1063; x_wconf 75' lang='lat' dir='ltr'><strong>ve!</strong></span> <span class='ocrx_word' id='word_1_68' title='bbox 510 1019 637 1061; x_wconf 88' lang='lat' dir='ltr'><strong>maris</strong></span> <span class='ocrx_word' id='word_1_69' title='bbox 657 1021 888 1077; x_wconf 78' lang='lat' dir='ltr'><strong>naufragio</strong></span> <span class='ocrx_word' id='word_1_70' title='bbox 906 1050 918 1067; x_wconf 91' lang='lat'><strong>‚</strong></span> 
     </span>
     <span class='ocr_line' id='line_1_17' title="bbox 286 1079 918 1129; baseline -0.008 -4"><span class='ocrx_word' id='word_1_71' title='bbox 286 1080 364 1125; x_wconf 86' lang='lat' dir='ltr'><strong>vel</strong></span> <span class='ocrx_word' id='word_1_72' title='bbox 394 1079 589 1121; x_wconf 87' lang='lat' dir='ltr'><strong>hostium</strong></span> <span class='ocrx_word' id='word_1_73' title='bbox 613 1080 790 1121; x_wconf 86' lang='lat' dir='ltr'><strong>incursu</strong></span> <span class='ocrx_word' id='word_1_74' title='bbox 808 1111 820 1129; x_wconf 88' lang='lat'>,</span> <span class='ocrx_word' id='word_1_75' title='bbox 840 1080 918 1123; x_wconf 84' lang='lat' dir='ltr'><strong>vel</strong></span> 
     </span>
     <span class='ocr_line' id='line_1_18' title="bbox 291 1138 918 1184; baseline -0.002 -1"><span class='ocrx_word' id='word_1_76' title='bbox 291 1141 379 1184; x_wconf 74' lang='lat' dir='ltr'><strong>aiio</strong></span> <span class='ocrx_word' id='word_1_77' title='bbox 424 1138 614 1182; x_wconf 77' lang='lat' dir='ltr'><strong>fortuito</strong></span> <span class='ocrx_word' id='word_1_78' title='bbox 662 1153 766 1182; x_wconf 86' lang='lat' dir='ltr'><strong>casu</strong></span> <span class='ocrx_word' id='word_1_79' title='bbox 819 1154 918 1182; x_wconf 84' lang='lat' dir='ltr'><strong>eam</strong></span> 
     </span>
     <span class='ocr_line' id='line_1_19' title="bbox 289 1199 915 1249; baseline -0.002 -6"><span class='ocrx_word' id='word_1_80' title='bbox 289 1203 537 1249; x_wconf 88' lang='lat' dir='ltr'><strong>amittunt,</strong></span> <span class='ocrx_word' id='word_1_81' title='bbox 555 1199 629 1243; x_wconf 92' lang='lat' dir='ltr'><strong>vel</strong></span> <span class='ocrx_word' id='word_1_82' title='bbox 653 1214 818 1242; x_wconf 84' lang='lat' dir='ltr'><strong>merces</strong></span> <span class='ocrx_word' id='word_1_83' title='bbox 847 1215 915 1248; x_wconf 88' lang='lat' dir='ltr'><strong>ea,</strong></span> 
     </span>
     <span class='ocr_line' id='line_1_20' title="bbox 286 1259 915 1318; baseline -0.002 -15"><span class='ocrx_word' id='word_1_84' title='bbox 286 1259 482 1318; x_wconf 84' lang='lat' dir='ltr'><strong>pecunia</strong></span> <span class='ocrx_word' id='word_1_85' title='bbox 518 1269 690 1314; x_wconf 82' lang='lat' dir='ltr'><strong>emptas</strong></span> <span class='ocrx_word' id='word_1_86' title='bbox 710 1277 722 1310; x_wconf 90' lang='grc'>;</span> <span class='ocrx_word' id='word_1_87' title='bbox 743 1274 915 1314; x_wconf 82' lang='lat' dir='ltr'><strong>semper</strong></span> 
     </span>
     <span class='ocr_line' id='line_1_21' title="bbox 286 1323 914 1376; baseline -0.003 -12"><span class='ocrx_word' id='word_1_88' title='bbox 286 1323 455 1364; x_wconf 85' lang='lat' dir='ltr'><strong>debent</strong></span> <span class='ocrx_word' id='word_1_89' title='bbox 485 1330 647 1368; x_wconf 84' lang='lat' dir='ltr'><strong>sortem</strong></span> <span class='ocrx_word' id='word_1_90' title='bbox 685 1333 914 1376; x_wconf 79' lang='lat' dir='ltr'><strong>acceptam</strong></span> 
     </span>
     <span class='ocr_line' id='line_1_22' title="bbox 285 1376 915 1436; baseline -0.011 -9"><span class='ocrx_word' id='word_1_91' title='bbox 285 1380 519 1427; x_wconf 78' lang='lat' dir='ltr'><strong>mutuanti</strong></span> <span class='ocrx_word' id='word_1_92' title='bbox 558 1376 731 1436; x_wconf 71' lang='lat' dir='ltr'><strong>integr‘e</strong></span> <span class='ocrx_word' id='word_1_93' title='bbox 778 1381 915 1422; x_wconf 84' lang='lat' dir='ltr'><strong>resti-</strong></span> 
     </span>
     <span class='ocr_line' id='line_1_23' title="bbox 288 1451 916 1494; baseline -0.005 -10"><span class='ocrx_word' id='word_1_94' title='bbox 288 1455 446 1489; x_wconf 83' lang='lat' dir='ltr'><strong>tuere,</strong></span> <span class='ocrx_word' id='word_1_95' title='bbox 484 1451 588 1481; x_wconf 89' lang='lat' dir='ltr'><strong>cum</strong></span> <span class='ocrx_word' id='word_1_96' title='bbox 627 1451 800 1494; x_wconf 80' lang='lat' dir='ltr'><strong>tempus</strong></span> <span class='ocrx_word' id='word_1_97' title='bbox 833 1454 916 1481; x_wconf 77' lang='lat' dir='ltr'><strong>res-</strong></span> 
     </span>
     <span class='ocr_line' id='line_1_24' title="bbox 289 1499 914 1548; baseline -0.006 -2"><span class='ocrx_word' id='word_1_98' title='bbox 289 1502 498 1548; x_wconf 78' lang='lat' dir='ltr'><strong>titutioni</strong></span> <span class='ocrx_word' id='word_1_99' title='bbox 531 1499 762 1541; x_wconf 85' lang='lat' dir='ltr'><strong>definitum</strong></span> <span class='ocrx_word' id='word_1_100' title='bbox 784 1499 914 1543; x_wconf 86' lang='lat' dir='ltr'><strong>adve-</strong></span> 
     </span>
    </p>
   </div>
   <div class='ocr_carea' id='block_1_6' title="bbox 284 1560 962 1618">
    <p class='ocr_par' dir='ltr' id='par_1_6' title="bbox 284 1560 962 1618">
     <span class='ocr_line' id='line_1_25' title="bbox 284 1560 962 1618; baseline -0.007 -11"><span class='ocrx_word' id='word_1_101' title='bbox 284 1560 576 1608; x_wconf 74' lang='lat' dir='ltr'><strong>neritzCum</strong></span> <span class='ocrx_word' id='word_1_102' title='bbox 611 1573 714 1618; x_wconf 86' lang='lat' dir='ltr'><strong>ergo</strong></span> <span class='ocrx_word' id='word_1_103' title='bbox 754 1570 909 1615; x_wconf 86' lang='lat' dir='ltr'><strong>pacto,</strong></span> <span class='ocrx_word' id='word_1_104' title='bbox 960 1582 962 1584; x_wconf 31' lang='lat' dir='ltr'>v</span> 
     </span>
    </p>
   </div>
   <div class='ocr_carea' id='block_1_7' title="bbox 282 1620 918 2583">
    <p class='ocr_par' dir='ltr' id='par_1_7' title="bbox 282 1620 918 2583">
     <span class='ocr_line' id='line_1_26' title="bbox 284 1620 908 1674; baseline -0.01 -8"><span class='ocrx_word' id='word_1_105' title='bbox 284 1625 361 1669; x_wconf 84' lang='lat' dir='ltr'><strong>vel</strong></span> <span class='ocrx_word' id='word_1_106' title='bbox 404 1621 706 1664; x_wconf 82' lang='lat' dir='ltr'><strong>conventione</strong></span> <span class='ocrx_word' id='word_1_107' title='bbox 759 1620 908 1674; x_wconf 85' lang='lat' dir='ltr'><strong>aliqua</strong></span> 
     </span>
     <span class='ocr_line' id='line_1_27' title="bbox 283 1679 909 1741; baseline -0.01 -14"><span class='ocrx_word' id='word_1_108' title='bbox 283 1681 541 1741; x_wconf 73' lang='lat' dir='ltr'><strong>particulari</strong></span> <span class='ocrx_word' id='word_1_109' title='bbox 561 1710 572 1726; x_wconf 73' lang='lat'>,</span> <span class='ocrx_word' id='word_1_110' title='bbox 591 1681 638 1721; x_wconf 86' lang='lat' dir='ltr'><strong>in</strong></span> <span class='ocrx_word' id='word_1_111' title='bbox 658 1679 794 1720; x_wconf 86' lang='lat' dir='ltr'><strong>alium</strong></span> <span class='ocrx_word' id='word_1_112' title='bbox 819 1680 909 1721; x_wconf 85' lang='lat' dir='ltr'><strong>haec</strong></span> 
     </span>
     <span class='ocr_line' id='line_1_28' title="bbox 282 1736 911 1801; baseline -0.01 -15"><span class='ocrx_word' id='word_1_113' title='bbox 282 1742 483 1801; x_wconf 80' lang='lat' dir='ltr'><strong>pericula</strong></span> <span class='ocrx_word' id='word_1_114' title='bbox 506 1736 715 1787; x_wconf 75' lang='lat' dir='ltr'><strong>rejiciunt</strong></span> <span class='ocrx_word' id='word_1_115' title='bbox 730 1769 743 1787; x_wconf 85' lang='lat'>,</span> <span class='ocrx_word' id='word_1_116' title='bbox 762 1741 840 1793; x_wconf 90' lang='lat' dir='ltr'><strong>qui</strong></span> <span class='ocrx_word' id='word_1_117' title='bbox 869 1753 911 1789; x_wconf 84' lang='grc' dir='ltr'><strong>ο-</strong></span> 
     </span>
     <span class='ocr_line' id='line_1_29' title="bbox 286 1804 912 1860; baseline -0.008 -15"><span class='ocrx_word' id='word_1_118' title='bbox 286 1804 484 1860; x_wconf 79' lang='lat' dir='ltr'><strong>bligatus</strong></span> <span class='ocrx_word' id='word_1_119' title='bbox 516 1811 719 1842; x_wconf 76' lang='lat' dir='ltr'><strong>remanet</strong></span> <span class='ocrx_word' id='word_1_120' title='bbox 745 1810 912 1842; x_wconf 73' lang='lat' dir='ltr'><strong>sortem</strong></span> 
     </span>
     <span class='ocr_line' id='line_1_30' title="bbox 285 1859 917 1906; baseline -0.011 0"><span class='ocrx_word' id='word_1_121' title='bbox 285 1864 484 1906; x_wconf 84' lang='lat' dir='ltr'><strong>Domino</strong></span> <span class='ocrx_word' id='word_1_122' title='bbox 506 1861 734 1902; x_wconf 84' lang='lat' dir='ltr'><strong>restituere</strong></span> <span class='ocrx_word' id='word_1_123' title='bbox 763 1859 791 1900; x_wconf 81' lang='lat' dir='ltr'><strong>fi</strong></span> <span class='ocrx_word' id='word_1_124' title='bbox 814 1872 917 1902; x_wconf 91' lang='lat' dir='ltr'><strong>nau-</strong></span> 
     </span>
     <span class='ocr_line' id='line_1_31' title="bbox 289 1920 916 1980; baseline -0.003 -16"><span class='ocrx_word' id='word_1_125' title='bbox 289 1925 430 1980; x_wconf 61' lang='lat' dir='ltr'><strong>fragio</strong></span> <span class='ocrx_word' id='word_1_126' title='bbox 449 1953 459 1970; x_wconf 84' lang='grc'><strong>,</strong></span> <span class='ocrx_word' id='word_1_127' title='bbox 479 1921 709 1968; x_wconf 81' lang='lat' dir='ltr'><strong>incendio,</strong></span> <span class='ocrx_word' id='word_1_128' title='bbox 740 1920 812 1962; x_wconf 88' lang='lat' dir='ltr'><strong>vel</strong></span> <span class='ocrx_word' id='word_1_129' title='bbox 829 1920 916 1962; x_wconf 87' lang='lat' dir='ltr'><strong>alio</strong></span> 
     </span>
     <span class='ocr_line' id='line_1_32' title="bbox 291 1981 912 2036; baseline -0.003 -11"><span class='ocrx_word' id='word_1_130' title='bbox 291 1985 478 2026; x_wconf 80' lang='lat' dir='ltr'><strong>fortuito</strong></span> <span class='ocrx_word' id='word_1_131' title='bbox 527 1993 629 2022; x_wconf 90' lang='lat' dir='ltr'><strong>casu</strong></span> <span class='ocrx_word' id='word_1_132' title='bbox 686 1981 864 2036; x_wconf 83' lang='lat' dir='ltr'><strong>perierit</strong></span> <span class='ocrx_word' id='word_1_133' title='bbox 896 1997 912 2031; x_wconf 88' lang='grc'>;</span> 
     </span>
     <span class='ocr_line' id='line_1_33' title="bbox 293 2036 914 2097; baseline -0.008 -11"><span class='ocrx_word' id='word_1_134' title='bbox 293 2055 400 2087; x_wconf 87' lang='lat' dir='ltr'><strong>tunc</strong></span> <span class='ocrx_word' id='word_1_135' title='bbox 423 2036 669 2097; x_wconf 70' lang='lat' dir='ltr'><strong>pericuium</strong></span> <span class='ocrx_word' id='word_1_136' title='bbox 689 2071 718 2088; x_wconf 78' lang='grc'><strong>,,</strong></span> <span class='ocrx_word' id='word_1_137' title='bbox 740 2042 862 2095; x_wconf 79' lang='lat' dir='ltr'><strong>quod</strong></span> <span class='ocrx_word' id='word_1_138' title='bbox 882 2041 914 2081; x_wconf 89' lang='lat' dir='ltr'><strong>i-</strong></span> 
     </span>
     <span class='ocr_line' id='line_1_34' title="bbox 291 2098 914 2156; baseline -0.008 -10"><span class='ocrx_word' id='word_1_139' title='bbox 291 2116 357 2146; x_wconf 85' lang='lat' dir='ltr'><strong>ste</strong></span> <span class='ocrx_word' id='word_1_140' title='bbox 376 2104 524 2145; x_wconf 82' lang='lat' dir='ltr'><strong>subest</strong></span> <span class='ocrx_word' id='word_1_141' title='bbox 538 2131 549 2148; x_wconf 93' lang='lat'>‚</span> <span class='ocrx_word' id='word_1_142' title='bbox 571 2103 812 2156; x_wconf 79' lang='lat' dir='ltr'><strong>periculum</strong></span> <span class='ocrx_word' id='word_1_143' title='bbox 832 2098 914 2155; x_wconf 83' lang='lat' dir='ltr'><strong>ju-</strong></span> 
     </span>
     <span class='ocr_line' id='line_1_35' title="bbox 290 2163 918 2218; baseline -0.002 -13"><span class='ocrx_word' id='word_1_144' title='bbox 290 2165 347 2205; x_wconf 84' lang='lat' dir='ltr'><strong>ris</strong></span> <span class='ocrx_word' id='word_1_145' title='bbox 369 2164 641 2210; x_wconf 85' lang='lat' dir='ltr'><strong>nominatur,</strong></span> <span class='ocrx_word' id='word_1_146' title='bbox 657 2163 762 2218; x_wconf 88' lang='lat' dir='ltr'><strong>quia</strong></span> <span class='ocrx_word' id='word_1_147' title='bbox 778 2176 830 2203; x_wconf 75' lang='lat' dir='ltr'><strong>ex</strong></span> <span class='ocrx_word' id='word_1_148' title='bbox 843 2175 918 2204; x_wconf 87' lang='lat' dir='ltr'><strong>na-</strong></span> 
     </span>
     <span class='ocr_line' id='line_1_36' title="bbox 296 2217 917 2266; baseline -0.008 -1"><span class='ocrx_word' id='word_1_149' title='bbox 296 2234 392 2266; x_wconf 81' lang='lat' dir='ltr'><strong>tura</strong></span> <span class='ocrx_word' id='word_1_150' title='bbox 416 2224 562 2264; x_wconf 77' lang='lat' dir='ltr'><strong>mutui</strong></span> <span class='ocrx_word' id='word_1_151' title='bbox 589 2232 840 2266; x_wconf 70' lang='lat' dir='ltr'><strong>contrat-tus</strong></span> <span class='ocrx_word' id='word_1_152' title='bbox 860 2217 917 2264; x_wconf 82' lang='lat' dir='ltr'><strong>ad</strong></span> 
     </span>
     <span class='ocr_line' id='line_1_37' title="bbox 292 2284 885 2337; baseline -0.003 -12"><span class='ocrx_word' id='word_1_153' title='bbox 292 2284 614 2327; x_wconf 78' lang='lat' dir='ltr'><strong>mutuatarium</strong></span> <span class='ocrx_word' id='word_1_154' title='bbox 640 2292 848 2337; x_wconf 72' lang='lat' dir='ltr'><strong>expectat</strong></span> <span class='ocrx_word' id='word_1_155' title='bbox 872 2311 885 2323; x_wconf 89' lang='lat'>.</span> 
     </span>
     <span class='ocr_line' id='line_1_38' title="bbox 323 2342 917 2387; baseline -0.007 -1"><span class='ocrx_word' id='word_1_156' title='bbox 323 2346 472 2387; x_wconf 86' lang='lat' dir='ltr'><strong>Potest</strong></span> <span class='ocrx_word' id='word_1_157' title='bbox 508 2357 561 2385; x_wconf 86' lang='lat' dir='ltr'><strong>ne</strong></span> <span class='ocrx_word' id='word_1_158' title='bbox 586 2354 795 2385; x_wconf 74' lang='lat' dir='ltr'><strong>mutuans</strong></span> <span class='ocrx_word' id='word_1_159' title='bbox 825 2342 917 2382; x_wconf 80' lang='lat' dir='ltr'><strong>haee</strong></span> 
     </span>
     <span class='ocr_line' id='line_1_39' title="bbox 290 2403 914 2461; baseline -0.005 -17"><span class='ocrx_word' id='word_1_160' title='bbox 290 2404 398 2461; x_wconf 81' lang='lat' dir='ltr'><strong>juris</strong></span> <span class='ocrx_word' id='word_1_161' title='bbox 419 2403 611 2459; x_wconf 73' lang='lat' dir='ltr'><strong>pericula</strong></span> <span class='ocrx_word' id='word_1_162' title='bbox 640 2405 683 2446; x_wconf 88' lang='lat' dir='ltr'><strong>in</strong></span> <span class='ocrx_word' id='word_1_163' title='bbox 714 2416 760 2444; x_wconf 91' lang='lat' dir='ltr'><strong>se</strong></span> <span class='ocrx_word' id='word_1_164' title='bbox 787 2413 914 2443; x_wconf 85' lang='lat' dir='ltr'><strong>assu-</strong></span> 
     </span>
     <span class='ocr_line' id='line_1_40' title="bbox 291 2461 915 2511; baseline -0.006 -4"><span class='ocrx_word' id='word_1_165' title='bbox 291 2476 413 2507; x_wconf 83' lang='lat' dir='ltr'><strong>mere</strong></span> <span class='ocrx_word' id='word_1_166' title='bbox 435 2494 446 2511; x_wconf 89' lang='lat'>‚</span> <span class='ocrx_word' id='word_1_167' title='bbox 467 2461 512 2505; x_wconf 81' lang='lat'>&amp;</span> <span class='ocrx_word' id='word_1_168' title='bbox 532 2464 612 2506; x_wconf 85' lang='lat' dir='ltr'><strong>hac</strong></span> <span class='ocrx_word' id='word_1_169' title='bbox 639 2463 692 2505; x_wconf 87' lang='lat' dir='ltr'><strong>de</strong></span> <span class='ocrx_word' id='word_1_170' title='bbox 712 2473 837 2504; x_wconf 87' lang='lat' dir='ltr'><strong>causa</strong></span> <span class='ocrx_word' id='word_1_171' title='bbox 857 2475 915 2503; x_wconf 87' lang='lat' dir='ltr'><strong>a—</strong></span> 
     </span>
     <span class='ocr_line' id='line_1_41' title="bbox 291 2523 913 2583; baseline -0.005 -16"><span class='ocrx_word' id='word_1_172' title='bbox 291 2523 448 2583; x_wconf 81' lang='lat' dir='ltr'><strong>liquod</strong></span> <span class='ocrx_word' id='word_1_173' title='bbox 462 2524 634 2568; x_wconf 82' lang='lat' dir='ltr'><strong>lucrum</strong></span> <span class='ocrx_word' id='word_1_174' title='bbox 650 2538 675 2568; x_wconf 78' lang='lat' dir='ltr'><strong>a</strong></span> <span class='ocrx_word' id='word_1_175' title='bbox 693 2530 913 2568; x_wconf 83' lang='lat' dir='ltr'><strong>mutuata·</strong></span> 
     </span>
    </p>
   </div>
   <div class='ocr_carea' id='block_1_8' title="bbox 1094 237 1714 299">
    <p class='ocr_par' dir='ltr' id='par_1_8' title="bbox 1094 237 1714 299">
     <span class='ocr_line' id='line_1_42' title="bbox 1094 237 1714 299; baseline 0.005 -15"><span class='ocrx_word' id='word_1_176' title='bbox 1094 242 1159 284; x_wconf 87' lang='lat' dir='ltr'><strong>rio</strong></span> <span class='ocrx_word' id='word_1_177' title='bbox 1188 237 1308 284; x_wconf 81' lang='lat' dir='ltr'><strong>ultra</strong></span> <span class='ocrx_word' id='word_1_178' title='bbox 1333 247 1499 284; x_wconf 80' lang='lat' dir='ltr'><strong>sortem</strong></span> <span class='ocrx_word' id='word_1_179' title='bbox 1519 244 1714 299; x_wconf 63' lang='lat' dir='ltr'><strong>exigeret</strong></span> 
     </span>
    </p>
   </div>
   <div class='ocr_carea' id='block_1_9' title="bbox 1079 421 1716 1608">
    <p class='ocr_par' dir='ltr' id='par_1_9' title="bbox 1079 421 1716 1608">
     <span class='ocr_line' id='line_1_43' title="bbox 1085 421 1715 473; baseline 0.003 -9"><span class='ocrx_word' id='word_1_180' title='bbox 1085 421 1367 464; x_wconf 86' lang='lat' dir='ltr'><strong>conditiones</strong></span> <span class='ocrx_word' id='word_1_181' title='bbox 1409 434 1677 468; x_wconf 75' lang='lat' dir='ltr'><strong>concurrant</strong></span> <span class='ocrx_word' id='word_1_182' title='bbox 1700 454 1715 473; x_wconf 84' lang='lat'><strong>‚</strong></span> 
     </span>
     <span class='ocr_line' id='line_1_44' title="bbox 1083 481 1714 539; baseline 0.006 -15"><span class='ocrx_word' id='word_1_183' title='bbox 1083 495 1182 539; x_wconf 83' lang='lat' dir='ltr'><strong>quae</strong></span> <span class='ocrx_word' id='word_1_184' title='bbox 1229 481 1492 525; x_wconf 85' lang='lat' dir='ltr'><strong>deffensores</strong></span> <span class='ocrx_word' id='word_1_185' title='bbox 1526 484 1714 533; x_wconf 78' lang='lat' dir='ltr'><strong>periculi</strong></span> 
     </span>
     <span class='ocr_line' id='line_1_45' title="bbox 1086 539 1714 598; baseline 0 -15"><span class='ocrx_word' id='word_1_186' title='bbox 1086 543 1192 584; x_wconf 80' lang='lat' dir='ltr'><strong>tacti</strong></span> <span class='ocrx_word' id='word_1_187' title='bbox 1210 539 1498 598; x_wconf 83' lang='lat' dir='ltr'><strong>expostulant</strong></span> <span class='ocrx_word' id='word_1_188' title='bbox 1530 542 1585 586; x_wconf 89' lang='lat' dir='ltr'><strong>ad</strong></span> <span class='ocrx_word' id='word_1_189' title='bbox 1616 543 1714 584; x_wconf 83' lang='lat' dir='ltr'><strong>hu-</strong></span> 
     </span>
     <span class='ocr_line' id='line_1_46' title="bbox 1088 600 1715 655; baseline 0.006 -14"><span class='ocrx_word' id='word_1_190' title='bbox 1088 600 1154 654; x_wconf 72' lang='lat' dir='ltr'><strong>jus</strong></span> <span class='ocrx_word' id='word_1_191' title='bbox 1196 602 1316 643; x_wconf 84' lang='lat' dir='ltr'><strong>tituli</strong></span> <span class='ocrx_word' id='word_1_192' title='bbox 1362 602 1668 655; x_wconf 60' lang='lat' dir='ltr'><strong>piobationem</strong></span> <span class='ocrx_word' id='word_1_193' title='bbox 1697 631 1715 652; x_wconf 89' lang='lat'><strong>,</strong></span> 
     </span>
     <span class='ocr_line' id='line_1_47' title="bbox 1089 662 1711 715; baseline 0.005 -13"><span class='ocrx_word' id='word_1_194' title='bbox 1089 676 1143 703; x_wconf 87' lang='lat' dir='ltr'><strong>n.</strong></span> <span class='ocrx_word' id='word_1_195' title='bbox 1173 668 1249 702; x_wconf 78' lang='lat'><strong>51.</strong></span> <span class='ocrx_word' id='word_1_196' title='bbox 1281 662 1626 715; x_wconf 84' lang='lat' dir='ltr'><strong>explicavimus.</strong></span> <span class='ocrx_word' id='word_1_197' title='bbox 1669 677 1711 705; x_wconf 84' lang='lat'><strong>1.</strong></span> 
     </span>
     <span class='ocr_line' id='line_1_48' title="bbox 1097 721 1715 777; baseline 0 -13"><span class='ocrx_word' id='word_1_198' title='bbox 1097 721 1320 764; x_wconf 86' lang='lat' dir='ltr'><strong>Nimirum</strong></span> <span class='ocrx_word' id='word_1_199' title='bbox 1345 750 1357 768; x_wconf 88' lang='lat'>‚</span> <span class='ocrx_word' id='word_1_200' title='bbox 1374 721 1493 775; x_wconf 88' lang='lat' dir='ltr'><strong>quod</strong></span> <span class='ocrx_word' id='word_1_201' title='bbox 1514 735 1591 777; x_wconf 89' lang='lat' dir='ltr'><strong>pro</strong></span> <span class='ocrx_word' id='word_1_202' title='bbox 1623 723 1715 764; x_wconf 90' lang='lat' dir='ltr'><strong>hu—</strong></span> 
     </span>
     <span class='ocr_line' id='line_1_49' title="bbox 1088 779 1716 838; baseline 0 -14"><span class='ocrx_word' id='word_1_203' title='bbox 1088 780 1158 836; x_wconf 83' lang='lat' dir='ltr'><strong>jus</strong></span> <span class='ocrx_word' id='word_1_204' title='bbox 1196 779 1379 836; x_wconf 84' lang='lat' dir='ltr'><strong>periculi</strong></span> <span class='ocrx_word' id='word_1_205' title='bbox 1408 784 1716 838; x_wconf 84' lang='lat' dir='ltr'><strong>assumptione</strong></span> 
     </span>
     <span class='ocr_line' id='line_1_50' title="bbox 1086 841 1715 898; baseline -0.003 -13"><span class='ocrx_word' id='word_1_206' title='bbox 1086 855 1178 886; x_wconf 85' lang='lat' dir='ltr'><strong>non</strong></span> <span class='ocrx_word' id='word_1_207' title='bbox 1195 842 1292 896; x_wconf 86' lang='lat' dir='ltr'><strong>plus</strong></span> <span class='ocrx_word' id='word_1_208' title='bbox 1311 841 1459 898; x_wconf 78' lang='lat' dir='ltr'><strong>exigat</strong></span> <span class='ocrx_word' id='word_1_209' title='bbox 1479 870 1490 888; x_wconf 88' lang='lat'><strong>‚</strong></span> <span class='ocrx_word' id='word_1_210' title='bbox 1507 854 1639 895; x_wconf 89' lang='lat' dir='ltr'><strong>quam</strong></span> <span class='ocrx_word' id='word_1_211' title='bbox 1671 856 1715 883; x_wconf 89' lang='lat' dir='ltr'><strong>e-</strong></span> 
     </span>
     <span class='ocr_line' id='line_1_51' title="bbox 1081 899 1712 960; baseline -0.002 -18"><span class='ocrx_word' id='word_1_212' title='bbox 1081 905 1252 960; x_wconf 78' lang='lat' dir='ltr'><strong>xigeret·</strong></span> <span class='ocrx_word' id='word_1_213' title='bbox 1290 899 1399 941; x_wconf 86' lang='lat' dir='ltr'><strong>alius</strong></span> <span class='ocrx_word' id='word_1_214' title='bbox 1433 930 1445 948; x_wconf 86' lang='lat'>‚</span> <span class='ocrx_word' id='word_1_215' title='bbox 1484 903 1562 955; x_wconf 91' lang='lat' dir='ltr'><strong>qui</strong></span> <span class='ocrx_word' id='word_1_216' title='bbox 1597 900 1712 942; x_wconf 82' lang='lat' dir='ltr'><strong>nihil</strong></span> 
     </span>
     <span class='ocr_line' id='line_1_52' title="bbox 1084 960 1710 1015; baseline 0 -14"><span class='ocrx_word' id='word_1_217' title='bbox 1084 972 1244 1005; x_wconf 85' lang='lat' dir='ltr'><strong>mutuo</strong></span> <span class='ocrx_word' id='word_1_218' title='bbox 1293 960 1417 1002; x_wconf 80' lang='lat' dir='ltr'><strong>daret</strong></span> <span class='ocrx_word' id='word_1_219' title='bbox 1457 974 1533 1015; x_wconf 89' lang='lat' dir='ltr'><strong>pro</strong></span> <span class='ocrx_word' id='word_1_220' title='bbox 1573 961 1710 1015; x_wconf 84' lang='lat' dir='ltr'><strong>ipsius</strong></span> 
     </span>
     <span class='ocr_line' id='line_1_53' title="bbox 1086 1019 1710 1078; baseline -0.003 -13"><span class='ocrx_word' id='word_1_221' title='bbox 1086 1019 1269 1078; x_wconf 76' lang='lat' dir='ltr'><strong>periculi</strong></span> <span class='ocrx_word' id='word_1_222' title='bbox 1305 1022 1606 1076; x_wconf 81' lang='lat' dir='ltr'><strong>assumptione</strong></span> <span class='ocrx_word' id='word_1_223' title='bbox 1624 1050 1635 1061; x_wconf 94' lang='lat'><strong><em>.</em></strong></span> <span class='ocrx_word' id='word_1_224' title='bbox 1663 1033 1710 1063; x_wconf 88' lang='lat'><strong>2.</strong></span> 
     </span>
     <span class='ocr_line' id='line_1_54' title="bbox 1083 1079 1711 1134; baseline -0.005 -10"><span class='ocrx_word' id='word_1_225' title='bbox 1083 1096 1186 1126; x_wconf 83' lang='lat' dir='ltr'><strong>vero</strong></span> <span class='ocrx_word' id='word_1_226' title='bbox 1210 1079 1328 1134; x_wconf 87' lang='lat' dir='ltr'><strong>quod</strong></span> <span class='ocrx_word' id='word_1_227' title='bbox 1348 1093 1438 1120; x_wconf 87' lang='lat' dir='ltr'><strong>non</strong></span> <span class='ocrx_word' id='word_1_228' title='bbox 1467 1079 1543 1122; x_wconf 88' lang='lat' dir='ltr'><strong>det</strong></span> <span class='ocrx_word' id='word_1_229' title='bbox 1562 1091 1711 1122; x_wconf 82' lang='lat' dir='ltr'><strong>mutu-</strong></span> 
     </span>
     <span class='ocr_line' id='line_1_55' title="bbox 1084 1139 1713 1183; baseline -0.005 0"><span class='ocrx_word' id='word_1_230' title='bbox 1084 1156 1161 1183; x_wconf 85' lang='lat' dir='ltr'><strong>um</strong></span> <span class='ocrx_word' id='word_1_231' title='bbox 1181 1140 1259 1182; x_wconf 92' lang='lat' dir='ltr'><strong>sub</strong></span> <span class='ocrx_word' id='word_1_232' title='bbox 1281 1139 1358 1180; x_wconf 84' lang='lat' dir='ltr'><strong>hac</strong></span> <span class='ocrx_word' id='word_1_233' title='bbox 1376 1140 1632 1183; x_wconf 82' lang='lat' dir='ltr'><strong>conditione</strong></span> <span class='ocrx_word' id='word_1_234' title='bbox 1650 1153 1713 1180; x_wconf 89' lang='lat' dir='ltr'><strong>as-</strong></span> 
     </span>
     <span class='ocr_line' id='line_1_56' title="bbox 1085 1199 1711 1255; baseline -0.002 -13"><span class='ocrx_word' id='word_1_235' title='bbox 1085 1199 1290 1244; x_wconf 83' lang='lat' dir='ltr'><strong>sumendi</strong></span> <span class='ocrx_word' id='word_1_236' title='bbox 1314 1201 1358 1241; x_wconf 85' lang='lat' dir='ltr'><strong>in</strong></span> <span class='ocrx_word' id='word_1_237' title='bbox 1374 1213 1420 1240; x_wconf 87' lang='lat' dir='ltr'><strong>se</strong></span> <span class='ocrx_word' id='word_1_238' title='bbox 1438 1228 1449 1246; x_wconf 91' lang='lat'><strong>‚</strong></span> <span class='ocrx_word' id='word_1_239' title='bbox 1478 1211 1597 1241; x_wconf 87' lang='lat' dir='ltr'><strong>certo</strong></span> <span class='ocrx_word' id='word_1_240' title='bbox 1619 1213 1711 1255; x_wconf 90' lang='lat' dir='ltr'><strong>pre·</strong></span> 
     </span>
     <span class='ocr_line' id='line_1_57' title="bbox 1085 1257 1713 1314; baseline -0.005 -9"><span class='ocrx_word' id='word_1_241' title='bbox 1085 1263 1147 1305; x_wconf 85' lang='lat' dir='ltr'><strong>tio</strong></span> <span class='ocrx_word' id='word_1_242' title='bbox 1170 1262 1260 1301; x_wconf 85' lang='lat' dir='ltr'><strong>haec</strong></span> <span class='ocrx_word' id='word_1_243' title='bbox 1281 1257 1472 1314; x_wconf 78' lang='lat' dir='ltr'><strong>pericula</strong></span> <span class='ocrx_word' id='word_1_244' title='bbox 1491 1277 1503 1310; x_wconf 93' lang='grc'><strong>;</strong></span> <span class='ocrx_word' id='word_1_245' title='bbox 1521 1259 1595 1300; x_wconf 91' lang='lat' dir='ltr'><strong>sed</strong></span> <span class='ocrx_word' id='word_1_246' title='bbox 1615 1274 1713 1302; x_wconf 86' lang='lat' dir='ltr'><strong>rnu-</strong></span> 
     </span>
     <span class='ocr_line' id='line_1_58' title="bbox 1085 1319 1710 1376; baseline -0.006 -12"><span class='ocrx_word' id='word_1_247' title='bbox 1085 1333 1216 1365; x_wconf 88' lang='lat' dir='ltr'><strong>tuum</strong></span> <span class='ocrx_word' id='word_1_248' title='bbox 1247 1319 1322 1361; x_wconf 90' lang='lat' dir='ltr'><strong>det</strong></span> <span class='ocrx_word' id='word_1_249' title='bbox 1343 1319 1475 1376; x_wconf 82' lang='lat' dir='ltr'><strong>gratis</strong></span> <span class='ocrx_word' id='word_1_250' title='bbox 1494 1320 1678 1361; x_wconf 83' lang='lat' dir='ltr'><strong>omnino</strong></span> <span class='ocrx_word' id='word_1_251' title='bbox 1696 1348 1710 1368; x_wconf 90' lang='lat'><strong>,</strong></span> 
     </span>
     <span class='ocr_line' id='line_1_59' title="bbox 1082 1380 1709 1424; baseline -0.005 -1"><span class='ocrx_word' id='word_1_252' title='bbox 1082 1383 1146 1424; x_wconf 88' lang='lat' dir='ltr'><strong>ita</strong></span> <span class='ocrx_word' id='word_1_253' title='bbox 1176 1391 1227 1422; x_wconf 89' lang='lat' dir='ltr'><strong>ut</strong></span> <span class='ocrx_word' id='word_1_254' title='bbox 1249 1380 1425 1421; x_wconf 87' lang='lat' dir='ltr'><strong>nullum</strong></span> <span class='ocrx_word' id='word_1_255' title='bbox 1445 1392 1557 1421; x_wconf 90' lang='lat' dir='ltr'><strong>onus</strong></span> <span class='ocrx_word' id='word_1_256' title='bbox 1595 1392 1709 1420; x_wconf 85' lang='lat' dir='ltr'><strong>mu-</strong></span> 
     </span>
     <span class='ocr_line' id='line_1_60' title="bbox 1083 1440 1708 1494; baseline -0.005 -10"><span class='ocrx_word' id='word_1_257' title='bbox 1083 1440 1274 1484; x_wconf 84' lang='lat' dir='ltr'><strong>tuatario</strong></span> <span class='ocrx_word' id='word_1_258' title='bbox 1318 1441 1524 1494; x_wconf 84' lang='lat' dir='ltr'><strong>imponat</strong></span> <span class='ocrx_word' id='word_1_259' title='bbox 1554 1452 1708 1481; x_wconf 88' lang='lat' dir='ltr'><strong>secum</strong></span> 
     </span>
     <span class='ocr_line' id='line_1_61' title="bbox 1079 1499 1706 1544; baseline -0.006 0"><span class='ocrx_word' id='word_1_260' title='bbox 1079 1499 1268 1544; x_wconf 83' lang='lat' dir='ltr'><strong>ineundi</strong></span> <span class='ocrx_word' id='word_1_261' title='bbox 1319 1500 1439 1540; x_wconf 88' lang='lat' dir='ltr'><strong>hunc</strong></span> <span class='ocrx_word' id='word_1_262' title='bbox 1481 1512 1706 1542; x_wconf 83' lang='lat' dir='ltr'><strong>assecura-</strong></span> 
     </span>
     <span class='ocr_line' id='line_1_62' title="bbox 1079 1557 1708 1608; baseline -0.006 -4"><span class='ocrx_word' id='word_1_263' title='bbox 1079 1561 1213 1604; x_wconf 84' lang='lat' dir='ltr'><strong>tionis</strong></span> <span class='ocrx_word' id='word_1_264' title='bbox 1260 1568 1543 1602; x_wconf 86' lang='lat' dir='ltr'><strong>contractum</strong></span> <span class='ocrx_word' id='word_1_265' title='bbox 1575 1588 1589 1608; x_wconf 82' lang='lat'>‚</span> <span class='ocrx_word' id='word_1_266' title='bbox 1630 1557 1708 1600; x_wconf 90' lang='lat' dir='ltr'><strong>sed</strong></span> 
     </span>
    </p>
   </div>
   <div class='ocr_carea' id='block_1_10' title="bbox 1011 1618 1707 1675">
    <p class='ocr_par' dir='ltr' id='par_1_10' title="bbox 1011 1618 1707 1675">
     <span class='ocr_line' id='line_1_63' title="bbox 1011 1618 1707 1675; baseline -0.003 -13"><span class='ocrx_word' id='word_1_267' title='bbox 1011 1647 1013 1653; x_wconf 51' lang='grc' dir='ltr'><strong><em>ι</em></strong></span> <span class='ocrx_word' id='word_1_268' title='bbox 1078 1621 1399 1673; x_wconf 65' lang='lat' dir='ltr'><strong>mutuatas-ium</strong></span> <span class='ocrx_word' id='word_1_269' title='bbox 1432 1631 1604 1675; x_wconf 87' lang='lat' dir='ltr'><strong>prorsus</strong></span> <span class='ocrx_word' id='word_1_270' title='bbox 1641 1618 1707 1660; x_wconf 79' lang='lat' dir='ltr'><strong>li-</strong></span> 
     </span>
    </p>
   </div>
   <div class='ocr_carea' id='block_1_11' title="bbox 958 2393 1056 2444">
    <p class='ocr_par' dir='ltr' id='par_1_11' title="bbox 958 2393 1056 2444">
     <span class='ocr_line' id='line_1_64' title="bbox 958 2393 1056 2444; baseline 0 -2"><span class='ocrx_word' id='word_1_271' title='bbox 958 2393 1056 2444; x_wconf 77' lang='lat' dir='ltr'><strong>Int-</strong></span> 
     </span>
    </p>
   </div>
   <div class='ocr_carea' id='block_1_12' title="bbox 1076 1678 1710 1979">
    <p class='ocr_par' dir='ltr' id='par_1_12' title="bbox 1076 1678 1710 1979">
     <span class='ocr_line' id='line_1_65' title="bbox 1079 1678 1707 1733; baseline -0.002 -10"><span class='ocrx_word' id='word_1_272' title='bbox 1079 1682 1233 1723; x_wconf 88' lang='lat' dir='ltr'><strong>berum</strong></span> <span class='ocrx_word' id='word_1_273' title='bbox 1279 1679 1506 1733; x_wconf 87' lang='lat' dir='ltr'><strong>relinquat</strong></span> <span class='ocrx_word' id='word_1_274' title='bbox 1526 1708 1538 1726; x_wconf 90' lang='lat'><strong>‚</strong></span> <span class='ocrx_word' id='word_1_275' title='bbox 1583 1678 1707 1722; x_wconf 86' lang='lat' dir='ltr'><strong>hunc</strong></span> 
     </span>
     <span class='ocr_line' id='line_1_66' title="bbox 1076 1737 1710 1793; baseline 0 -12"><span class='ocrx_word' id='word_1_276' title='bbox 1076 1749 1357 1782; x_wconf 82' lang='lat' dir='ltr'><strong>contractum</strong></span> <span class='ocrx_word' id='word_1_277' title='bbox 1374 1751 1476 1780; x_wconf 93' lang='lat' dir='ltr'><strong>cum</strong></span> <span class='ocrx_word' id='word_1_278' title='bbox 1499 1737 1585 1780; x_wconf 85' lang='lat' dir='ltr'><strong>alio</strong></span> <span class='ocrx_word' id='word_1_279' title='bbox 1599 1750 1710 1793; x_wconf 90' lang='lat' dir='ltr'><strong>quo-</strong></span> 
     </span>
     <span class='ocr_line' id='line_1_67' title="bbox 1080 1800 1706 1856; baseline -0.002 -15"><span class='ocrx_word' id='word_1_280' title='bbox 1080 1813 1275 1853; x_wconf 85' lang='lat' dir='ltr'><strong>cumque</strong></span> <span class='ocrx_word' id='word_1_281' title='bbox 1313 1800 1592 1856; x_wconf 86' lang='lat' dir='ltr'><strong>negotiatore</strong></span> <span class='ocrx_word' id='word_1_282' title='bbox 1623 1813 1706 1840; x_wconf 89' lang='lat' dir='ltr'><strong>ce·-</strong></span> 
     </span>
     <span class='ocr_line' id='line_1_68' title="bbox 1081 1858 1706 1913; baseline -0.005 -11"><span class='ocrx_word' id='word_1_283' title='bbox 1081 1858 1280 1902; x_wconf 86' lang='lat' dir='ltr'><strong>lebrandi</strong></span> <span class='ocrx_word' id='word_1_284' title='bbox 1303 1890 1314 1901; x_wconf 91' lang='lat'>.</span> <span class='ocrx_word' id='word_1_285' title='bbox 1335 1859 1377 1900; x_wconf 89' lang='lat' dir='ltr'><strong>Si</strong></span> <span class='ocrx_word' id='word_1_286' title='bbox 1406 1871 1472 1899; x_wconf 90' lang='lat' dir='ltr'><strong>res</strong></span> <span class='ocrx_word' id='word_1_287' title='bbox 1491 1859 1552 1900; x_wconf 84' lang='lat' dir='ltr'><strong>ita</strong></span> <span class='ocrx_word' id='word_1_288' title='bbox 1573 1872 1706 1913; x_wconf 80' lang='lat' dir='ltr'><strong>pera·-</strong></span> 
     </span>
     <span class='ocr_line' id='line_1_69' title="bbox 1081 1916 1705 1979; baseline -0.008 -17"><span class='ocrx_word' id='word_1_289' title='bbox 1081 1930 1245 1979; x_wconf 83' lang='lat' dir='ltr'><strong>gantur</strong></span> <span class='ocrx_word' id='word_1_290' title='bbox 1266 1949 1278 1966; x_wconf 88' lang='lat'>,</span> <span class='ocrx_word' id='word_1_291' title='bbox 1327 1916 1373 1961; x_wconf 70' lang='lat' dir='ltr'><strong>St</strong></span> <span class='ocrx_word' id='word_1_292' title='bbox 1408 1919 1705 1959; x_wconf 81' lang='lat' dir='ltr'><strong>mutuatarius</strong></span> 
     </span>
    </p>
   </div>
   <div class='ocr_carea' id='block_1_13' title="bbox 1080 1961 1839 2034">
    <p class='ocr_par' dir='ltr' id='par_1_13' title="bbox 1080 1961 1839 2034">
     <span class='ocr_line' id='line_1_70' title="bbox 1080 1961 1839 2034; baseline -0.004 -13"><span class='ocrx_word' id='word_1_293' title='bbox 1080 1991 1157 2022; x_wconf 83' lang='lat' dir='ltr'><strong>sua</strong></span> <span class='ocrx_word' id='word_1_294' title='bbox 1175 1975 1331 2034; x_wconf 74' lang='lat' dir='ltr'><strong>sponte</strong></span> <span class='ocrx_word' id='word_1_295' title='bbox 1351 1988 1630 2019; x_wconf 86' lang='lat' dir='ltr'><strong>contractum</strong></span> <span class='ocrx_word' id='word_1_296' title='bbox 1646 1991 1706 2019; x_wconf 88' lang='lat' dir='ltr'><strong>as·</strong></span> <span class='ocrx_word' id='word_1_297' title='bbox 1764 1983 1769 1986; x_wconf 85' lang='grc'><strong><em>’</em></strong></span> <span class='ocrx_word' id='word_1_298' title='bbox 1837 1961 1839 2018; x_wconf 57' lang='lat' dir='ltr'>J</span> 
     </span>
    </p>
   </div>
   <div class='ocr_carea' id='block_1_14' title="bbox 1075 2037 1765 2620">
    <p class='ocr_par' dir='ltr' id='par_1_14' title="bbox 1075 2037 1768 2620">
     <span class='ocr_line' id='line_1_71' title="bbox 1082 2037 1742 2091; baseline -0.008 -10"><span class='ocrx_word' id='word_1_299' title='bbox 1082 2037 1369 2081; x_wconf 76' lang='lat' dir='ltr'><strong>seem-ationis</strong></span> <span class='ocrx_word' id='word_1_300' title='bbox 1385 2051 1485 2079; x_wconf 92' lang='lat' dir='ltr'><strong>cum</strong></span> <span class='ocrx_word' id='word_1_301' title='bbox 1500 2038 1594 2091; x_wconf 78' lang='lat' dir='ltr'><strong>ipso</strong></span> <span class='ocrx_word' id='word_1_302' title='bbox 1614 2048 1707 2077; x_wconf 84' lang='lat' dir='ltr'><strong>mu·</strong></span> <span class='ocrx_word' id='word_1_303' title='bbox 1738 2085 1742 2089; x_wconf 27' lang='lat'><strong>¹</strong></span> 
     </span>
     <span class='ocr_line' id='line_1_72' title="bbox 1080 2098 1703 2144; baseline -0.006 -3"><span class='ocrx_word' id='word_1_304' title='bbox 1080 2109 1241 2142; x_wconf 86' lang='lat' dir='ltr'><strong>tuante</strong></span> <span class='ocrx_word' id='word_1_305' title='bbox 1273 2098 1390 2142; x_wconf 87' lang='lat' dir='ltr'><strong>velit</strong></span> <span class='ocrx_word' id='word_1_306' title='bbox 1421 2099 1557 2144; x_wconf 84' lang='lat' dir='ltr'><strong>inire,</strong></span> <span class='ocrx_word' id='word_1_307' title='bbox 1595 2108 1703 2139; x_wconf 88' lang='lat' dir='ltr'><strong>tunc</strong></span> 
     </span>
     <span class='ocr_line' id='line_1_73' title="bbox 1079 2157 1702 2215; baseline -0.005 -13"><span class='ocrx_word' id='word_1_308' title='bbox 1079 2170 1228 2215; x_wconf 82' lang='lat' dir='ltr'><strong>potest</strong></span> <span class='ocrx_word' id='word_1_309' title='bbox 1246 2170 1457 2202; x_wconf 86' lang='lat' dir='ltr'><strong>mutuans</strong></span> <span class='ocrx_word' id='word_1_310' title='bbox 1474 2157 1568 2211; x_wconf 81' lang='lat' dir='ltr'><strong>ejus</strong></span> <span class='ocrx_word' id='word_1_311' title='bbox 1585 2159 1702 2201; x_wconf 87' lang='lat' dir='ltr'><strong>votis</strong></span> 
     </span>
     <span class='ocr_line' id='line_1_74' title="bbox 1081 2218 1704 2274; baseline -0.005 -13"><span class='ocrx_word' id='word_1_312' title='bbox 1081 2232 1294 2267; x_wconf 84' lang='lat' dir='ltr'><strong>annuere,</strong></span> <span class='ocrx_word' id='word_1_313' title='bbox 1314 2219 1419 2274; x_wconf 90' lang='lat' dir='ltr'><strong>quia</strong></span> <span class='ocrx_word' id='word_1_314' title='bbox 1442 2231 1532 2261; x_wconf 88' lang='lat' dir='ltr'><strong>non</strong></span> <span class='ocrx_word' id='word_1_315' title='bbox 1547 2228 1613 2260; x_wconf 87' lang='lat' dir='ltr'><strong>est</strong></span> <span class='ocrx_word' id='word_1_316' title='bbox 1627 2218 1704 2267; x_wconf 87' lang='lat' dir='ltr'><strong>de·</strong></span> 
     </span>
     <span class='ocr_line' id='line_1_75' title="bbox 1081 2280 1762 2335; baseline -0.009 -12"><span class='ocrx_word' id='word_1_317' title='bbox 1081 2281 1254 2323; x_wconf 85' lang='lat' dir='ltr'><strong>terioris</strong></span> <span class='ocrx_word' id='word_1_318' title='bbox 1272 2280 1541 2335; x_wconf 70' lang='lat' dir='ltr'><strong>conditionis</strong></span> <span class='ocrx_word' id='word_1_319' title='bbox 1560 2287 1703 2321; x_wconf 78' lang='lat' dir='ltr'><strong>caete-</strong></span> <span class='ocrx_word' id='word_1_320' title='bbox 1749 2298 1762 2329; x_wconf 99' lang='grc'><strong><em>3</em></strong></span> 
     </span>
     <span class='ocr_line' id='line_1_76' title="bbox 1080 2340 1754 2397; baseline 0 -15"><span class='ocrx_word' id='word_1_321' title='bbox 1080 2340 1139 2382; x_wconf 79' lang='lat' dir='ltr'><strong>ris</strong></span> <span class='ocrx_word' id='word_1_322' title='bbox 1159 2340 1507 2397; x_wconf 84' lang='lat' dir='ltr'><strong>negotiatoribus</strong></span> <span class='ocrx_word' id='word_1_323' title='bbox 1529 2370 1541 2383; x_wconf 86' lang='lat'>.</span> <span class='ocrx_word' id='word_1_324' title='bbox 1745 2344 1754 2351; x_wconf 86' lang='grc'><strong>’“</strong></span> 
     </span>
     <span class='ocr_line' id='line_1_77' title="bbox 1106 2389 1755 2458; baseline -0.005 -16"><span class='ocrx_word' id='word_1_325' title='bbox 1106 2400 1212 2442; x_wconf 90' lang='lat' dir='ltr'><strong>Non</strong></span> <span class='ocrx_word' id='word_1_326' title='bbox 1233 2397 1291 2442; x_wconf 74' lang='lat' dir='ltr'><strong>ne</strong></span> <span class='ocrx_word' id='word_1_327' title='bbox 1318 2411 1385 2442; x_wconf 86' lang='lat' dir='ltr'><strong>est</strong></span> <span class='ocrx_word' id='word_1_328' title='bbox 1403 2400 1488 2443; x_wconf 86' lang='lat' dir='ltr'><strong>hoc</strong></span> <span class='ocrx_word' id='word_1_329' title='bbox 1508 2389 1703 2456; x_wconf 75' lang='lat' dir='ltr'><strong>prohibi·</strong></span> <span class='ocrx_word' id='word_1_330' title='bbox 1752 2452 1755 2458; x_wconf 65' lang='lat'>,</span> 
     </span>
     <span class='ocr_line' id='line_1_78' title="bbox 1078 2456 1765 2516; baseline -0.003 -14"><span class='ocrx_word' id='word_1_331' title='bbox 1078 2469 1178 2502; x_wconf 86' lang='lat' dir='ltr'><strong>tum</strong></span> <span class='ocrx_word' id='word_1_332' title='bbox 1211 2456 1236 2502; x_wconf 69' lang='grc' dir='ltr'>ὲ</span> <span class='ocrx_word' id='word_1_333' title='bbox 1259 2459 1484 2516; x_wconf 81' lang='lat' dir='ltr'><strong>Greg.1x.</strong></span> <span class='ocrx_word' id='word_1_334' title='bbox 1520 2461 1566 2501; x_wconf 89' lang='lat' dir='ltr'><strong>in</strong></span> <span class='ocrx_word' id='word_1_335' title='bbox 1584 2457 1700 2510; x_wconf 76' lang='lat' dir='ltr'><strong>cap.</strong></span> <span class='ocrx_word' id='word_1_336' title='bbox 1763 2473 1765 2477; x_wconf 94' lang='lat'>·</span> 
     </span>
     <span class='ocr_line' id='line_1_79' title="bbox 1075 2517 1754 2587; baseline -0.009 -24"><span class='ocrx_word' id='word_1_337' title='bbox 1075 2517 1177 2566; x_wconf 86' lang='lat' dir='ltr'><strong>Ult.</strong></span> <span class='ocrx_word' id='word_1_338' title='bbox 1196 2518 1251 2564; x_wconf 84' lang='lat' dir='ltr'><strong>de</strong></span> <span class='ocrx_word' id='word_1_339' title='bbox 1268 2519 1417 2564; x_wconf 72' lang='lat' dir='ltr'><strong>Usufis</strong></span> <span class='ocrx_word' id='word_1_340' title='bbox 1435 2519 1505 2563; x_wconf 78' lang='lat' dir='ltr'><strong>his</strong></span> <span class='ocrx_word' id='word_1_341' title='bbox 1535 2517 1699 2587; x_wconf 65' lang='lat' dir='ltr'><strong>praeqi-</strong></span> <span class='ocrx_word' id='word_1_342' title='bbox 1751 2535 1754 2540; x_wconf 51' lang='grc'><strong>’</strong></span> 
     </span>
     <span class='ocr_line' id='line_1_80' title="bbox 1615 2588 1664 2620; baseline 0.02 -1"><span class='ocrx_word' id='word_1_343' title='bbox 1615 2588 1664 2620; x_wconf 79' lang='lat' dir='ltr'><strong>se</strong></span> 
     </span>
    </p>
   </div>
   <div class='ocr_carea' id='block_1_15' title="bbox 1718 0 1889 2863">
    <p class='ocr_par' dir='ltr' id='par_1_15' title="bbox 1718 0 1889 2863">
     <span class='ocr_line' id='line_1_81' title="bbox 1718 0 1889 2863; baseline 0 0"><span class='ocrx_word' id='word_1_344' title='bbox 1718 0 1889 2863; x_wconf 95' lang='lat' dir='ltr'><strong> </strong></span> 
     </span>
    </p>
   </div>
  </div>
 </body>
</html>
