1889 2863
950 131 1119 187 (43)

415 189 521 246 'quia
543 196 753 234 mutuum
776 190 875 232 talis
890 188 1031 233 horni-

415 253 546 293 nibus
566 251 667 293 dare
684 280 697 299 ‚
719 261 787 293 est
819 251 920 305 ipsis
936 266 1025 294 me-

416 311 487 352 dia
505 311 692 366 praebere
708 308 763 351 ad
783 322 881 351 suas
913 311 1028 353 frau-

415 370 492 411 des
534 369 880 425 prossequendas
907 400 919 418 ‚
979 370 1025 414 81

412 431 495 471 hac
525 431 579 470 de
597 443 724 470 causa
739 441 887 472 usuras
909 432 1030 473 abiis

412 491 586 547 exigere
634 500 701 532 est
749 488 847 530 illos
887 493 1028 532 usuris

412 548 682 602 compellere
704 578 715 595 ‚
754 559 806 591 ut
820 548 993 591 fraudes
1014 581 1026 599 ‚

413 606 560 650 &alia
591 607 751 649 simiIIa
796 609 1029 663 multipli-

409 678 515 709 cent
533 668 653 709 unde
682 681 831 709 usuras
863 668 1028 712 solvere

410 728 581 783 possint
604 758 614 768 .
633 728 737 768 Haec
753 728 944 770 secunda
966 743 1027 770 ra-

413 789 477 830 tio
532 785 813 830 Authoritati
874 788 1023 832 Sancti

410 845 634 889 Ambrosii
655 847 874 903 praecipue
896 848 1024 889 inni-

410 909 546 957 titur,
581 907 771 962 quiLib.
798 906 852 950 de
882 909 1024 952 Tobia

407 968 520 1021 Cap.
543 981 612 1015 14·
646 981 687 1008 c.
719 973 821 1017 607.
862 980 1024 1011 usura—

365 1023 370 1028 ’
409 1027 481 1069 riis
502 1029 695 1082 imputat
716 1027 890 1070 fraudes
912 1058 922 1077 ,
978 1027 1025 1072 δε

343 1953 373 1973 97

408 1085 651 1141 injustitias
709 1099 1024 1144 perpetratasa

409 1145 777 1203 Negotiatoribus
813 1177 825 1196 ‚
857 1149 937 1202 qui
970 1149 1023 1190 ab

407 1207 460 1247 iis
495 1209 733 1261 pecuniam
770 1208 849 1249 sub
880 1209 1023 1250 usuris

408 1277 567 1307 mutuo
590 1278 882 1322 acceperunt.
915 1268 1021 1309 Haec

407 1337 515 1368 sunt
535 1327 683 1369 Sancti
703 1328 904 1370 Doctoris
926 1341 1021 1370 ver-

406 1385 461 1426 ba
493 1399 515 1426 a
541 1385 705 1429 Bened.
728 1386 847 1430 XlV.
870 1387 1018 1429 fideli-

408 1455 474 1487 ter
513 1447 649 1489 relata
685 1448 738 1488 de
776 1445 885 1500 Syn.
918 1448 1026 1490 Diae.

408 1505 492 1545 lib.
523 1522 592 1546 10.
630 1520 731 1561 cap.
769 1519 812 1554 4.
835 1521 880 1547 n.
905 1521 946 1548 1.
979 1505 1025 1549 δε

408 1565 541 1608 Putas
566 1578 608 1608 te
630 1568 700 1621 pie
717 1564 858 1607 facere
876 1596 887 1614 ‚
919 1568 1025 1621 quia

406 1626 738 1684 aNegotiatore
770 1625 899 1668 velut
934 1640 1026 1667 mu-

405 1698 487 1724 nus
506 1687 723 1741 suscipis?
757 1716 787 1733 ‚‚
818 1685 926 1727 inde
949 1686 1024 1728 ille

403 1774 432 1793 ‚‚
465 1743 663 1787 fraudem
684 1745 792 1787 facit
825 1745 870 1785 in
899 1759 1025 1786 mer-

403 1834 416 1852 ,
430 1834 442 1852 ,
469 1807 585 1847 cium
601 1806 742 1860 pretio
758 1834 769 1852 ,
800 1805 921 1847 unde
941 1805 1023 1849 tibi

407 1893 438 1912 ‚‚
469 1864 615 1908 solvat
629 1878 805 1906 usuram
828 1894 841 1906 .

413 1925 594 1969 Fraudis
613 1924 732 1965 illius
754 1934 803 1966 tu
814 1922 985 1967 Auctor
1003 1954 1018 1974 ‚

404 2012 435 2034 ‚‚
469 1995 517 2026 tu
552 1985 769 2040 particeps
806 1985 886 2028 tibi
923 1995 1018 2039 pro-

401 2074 434 2093 .,‚
466 2044 556 2086 ficit
571 2044 791 2098 quidquid
811 2042 886 2084 ille
900 2043 1016 2085 frau-

403 2132 439 2152 ,‚
467 2103 668 2146 daverit:
691 2102 736 2145 8(
766 2117 859 2145 esca
901 2116 1014 2144 usu-

401 2193 432 2212 ‚‚
463 2177 507 2205 ra
529 2173 595 2205 est
613 2193 626 2211 ‚
661 2160 707 2204 δί
733 2176 790 2206 ve
804 2165 878 2204 stis
897 2177 1015 2203 usu-

402 2252 434 2271 0,
465 2236 510 2264 ra
529 2233 594 2265 est
609 2253 621 2272 ‚
637 2220 682 2263 &
701 2223 1014 2276 quodcumque

402 2310 448 2330 ‚‚‚
479 2283 584 2324 sorti
602 2283 770 2325 accedit
785 2295 911 2324 usura
932 2296 1016 2326 est.

406 2358 439 2392 3,
471 2341 599 2397 Quod
635 2342 747 2382 velis
780 2345 819 2385 ei
850 2355 1016 2385 nomen

403 2430 434 2449 ‚‚
463 2402 662 2454 imponas
686 2414 816 2444 usura
833 2412 898 2444 est
919 2432 928 2442 .
943 2400 1015 2442 Ad

400 2460 446 2505 S.
463 2460 516 2506 C·
532 2460 773 2507 Decretum
786 2461 1013 2519 responde-

1197 199 1278 234 ant
1302 203 1342 232 ι.
1364 201 1455 232 esse
1470 188 1613 231 dubiae
1631 188 1729 233 fidei
1759 203 1807 234 2.

1197 263 1286 292 non
1309 265 1398 292 esse
1414 250 1667 295 absolutum
1692 281 1704 299 ,
1731 251 1808 293 sed

1195 309 1490 366 provisionale
1526 339 1538 357 ‚
1589 308 1635 352 81
1681 311 1809 353 inte-

1198 372 1344 412 riflum
1398 401 1410 419 ‚
1494 382 1583 424 quo
1667 383 1808 424 usque

1195 430 1373 472 aliuda
1394 442 1559 471 sancta
1582 430 1680 472 sede
1698 427 1804 484 fue-

1193 489 1253 531 rit
1268 489 1500 547 provisum
1523 519 1534 537 ,
1557 502 1643 543 qua
1676 489 1806 532 clau-

1194 549 1289 592 sula
1305 551 1448 592 utitur
1481 559 1631 591 sancta
1652 550 1772 591 sedes
1793 578 1808 597 ‚
1831 578 1833 581 .

1196 621 1298 650 cum
1319 623 1408 650 non
1428 608 1532 651 vult
1561 639 1572 657 ,
1589 610 1805 662 quaestio-

1195 682 1300 710 nem
1335 668 1532 723 aliquam
1570 669 1806 718 dirimere;

1195 729 1272 768 sed
1291 727 1382 784 ejus
1413 727 1729 770 resolutionem
1751 728 1806 769 ad

1197 788 1318 830 aiiud
1336 800 1508 843 tempus
1539 787 1698 830 differe
1721 801 1808 830 ,re-

1194 848 1439 903 linquendo
1478 849 1657 890 interim
1703 861 1809 889 con-

1193 911 1447 951 troversiam
1467 909 1512 949 in
1526 917 1645 951 statu
1658 909 1701 948 in
1715 921 1805 963 quo

1189 969 1406 1022 reperitur
1460 968 1555 1008 Hae
1605 968 1803 1010 clausula

1195 1028 1429 1085 Gregorius
1458 1028 1554 1071 XV.
1591 1039 1642 1070 ut
1670 1027 1806 1071 refert

1195 1086 1358 1129 Guerra
1391 1087 1437 1128 in
1466 1088 1663 1141 epitome
1681 1088 1805 1129 Pon-

1196 1148 1267 1189 tif.
1289 1159 1392 1188 con.
1417 1146 1476 1188 lo.
1496 1159 1541 1193 4.
1565 1148 1618 1188 de
1642 1147 1807 1190 missio·

1194 1209 1258 1248 ni.
1283 1206 1567 1248 missionariis
1587 1207 1806 1248 chimensi-

1197 1265 1276 1307 bus
1295 1266 1510 1309 concessit
1526 1296 1538 1313 ‚
1551 1277 1604 1309 ut
1626 1277 1804 1321 possent

1189 1338 1280 1371 nou
1298 1339 1434 1382 pauca
1457 1326 1653 1367 fidelibus
1679 1326 1803 1368 illius
1836 1378 1838 1381 ι

1184 1388 1374 1443 regionis
1391 1385 1596 1433 tolerare,
1614 1398 1709 1440 quae
1728 1400 1804 1441 po·
1833 1391 1841 1440 j

1201 1448 1400 1488 sterion&
1436 1445 1667 1488 Pontifices
1684 1460 1803 1500 prae-
1837 1447 1842 1478 f

1194 1507 1346 1547 sertim
1387 1505 1595 1547 Clemens
1636 1505 1712 1547 XI.
1755 1503 1802 1547 Sc

1193 1565 1462 1607 Benedictus
1488 1566 1606 1609 XIV.
1641 1564 1800 1606 melius
1835 1584 1843 1621 g

1195 1627 1379 1681 cognito
1401 1638 1547 1666 rerum
1572 1635 1694 1667 statu
1714 1626 1803 1666 ab-
1840 1623 1843 1646 ³

1195 1685 1340 1727 solute
1362 1684 1704 1739 prohibuerunt,
1725 1697 1814 1726 re-.

1194 1745 1398 1787 vocando
1420 1757 1576 1786 omnes
1607 1745 1802 1798 permis..

1196 1804 1337 1845 siones
1365 1834 1377 1852 ‚
1414 1803 1460 1846 Sc
1489 1804 1710 1846 Licentias
1750 1805 1800 1845 in
1826 1807 1829 1813 '

1189 1863 1257 1903 his
1273 1864 1399 1905 rebus
1419 1877 1440 1904 a
1460 1865 1546 1905 suis
1565 1862 1798 1904 Praedeces-
1836 1890 1846 1925 ,ἶ

1183 1923 1351 1966 soribus
1369 1937 1443 1978 per
1453 1924 1764 1978 obreptionem
1785 1952 1797 1970 ,
1819 1910 1846 1975 ii

1182 1983 1257 2025 vel
1307 1984 1644 2038 supreptionem
1693 1994 1795 2025 con·
1813 1982 1832 2009 ⁷²

1183 2054 1354 2083 secutas
1374 2073 1384 2083 .
1417 2043 1484 2083 Ex
1503 2054 1594 2096 quo
1611 2041 1797 2086 resultat

1182 2101 1267 2143 hoc
1289 2102 1530 2144 Decretum
1552 2132 1565 2150 ‚
1614 2101 1798 2156 quando

1182 2175 1330 2203 revera
1352 2162 1599 2217 prodiisset,
1615 2173 1796 2205 tanturn
1821 2204 1827 2217 ,Ἴ

1184 2222 1396 2277 probare,
1431 2222 1689 2276 opinionem
1721 2222 1795 2263 Ti·
1827 2224 1830 2229 '

1193 2281 1341 2324 tulum
1377 2282 1496 2322 hunc
1530 2282 1794 2335 probantem

1180 2343 1275 2384 ¹non
1294 2340 1427 2383 fuisse
1455 2352 1564 2384 tunc
1584 2341 1794 2395 temporis
1817 2339 1820 2344 “

1186 2415 1210 2443 a
1249 2400 1358 2442 Sede
1412 2398 1670 2459 Apostolica
1721 2413 1793 2440 ex·

1185 2473 1326 2520 presse
1366 2461 1678 2520 reprobatam,
1712 2457 1792 2504 sed

1589 2519 1733 2564 adhuc
