1889 2863
871 143 1040 199 (26)

327 204 498 258 primo,
535 215 634 259 quae
661 202 775 245 circa
812 202 927 246 illud

327 264 561 306 audierant
595 264 708 304 dicta
731 277 818 304 esse
840 280 926 306 an-

325 325 464 378 tiquis
489 341 502 374 ;
533 321 579 364 Sc
614 323 773 364 deinde
803 338 926 366 suam

323 384 593 426 sententiam
654 383 880 437 aperiebat
911 415 926 433 ‚

324 455 483 486 verum
523 456 700 484 sensum
716 442 823 498 legis
845 459 927 485 ex·-
982 487 988 493 ,

325 515 497 557 ponens
514 533 526 550 ,
553 503 680 543 falsas
702 504 924 558 interpre-

327 563 518 603 tationes
553 563 606 602 ab
639 562 833 615 antiquis
864 564 929 604 in-

326 620 482 662 ductas
509 622 696 677 rigorem
721 622 837 663 illius
860 623 931 663 la-

323 692 484 722 xantes
536 680 794 722 abscindens
827 711 838 730 ‚
883 681 928 724 St

325 739 549 782 auditores
566 740 619 781 ad
665 741 927 783 exactiorem

323 811 645 854 praeceptorum
682 800 928 843 observan-

322 859 433 901 tiam
447 857 681 902 efficaciter
697 861 927 903 inducens.
983 888 990 895 ι

382 920 498 961 Cum
535 919 652 961 inter·
678 919 763 961 alia
791 923 926 963 etiam

303 979 382 1027 ⁴de
418 988 580 1020 mutuo
619 981 665 1020 in
713 979 794 1020 hoc
833 994 927 1021 ser-

325 1050 459 1080 mone
490 1037 707 1079 Dominus
724 1038 855 1081 verba
872 1042 929 1082 fe-

325 1100 471 1147 cerit,
523 1097 577 1139 de
625 1098 758 1140 modo
803 1100 929 1140 scili-

327 1169 543 1211 cet,qu0
582 1157 709 1198 illud
763 1159 929 1205 dabant

323 1228 576 1273 peccatores
609 1217 706 1259 aliis
728 1230 927 1273 peccato-

322 1278 443 1319 ribus
468 1294 480 1326 ;
516 1274 563 1318 S<
602 1276 656 1317 de
679 1280 811 1321 modo
833 1289 926 1334 quo
966 1328 969 1331 Ι

324 1336 442 1379 illud
474 1335 575 1377 dare
591 1336 824 1388 debebant,
846 1338 924 1392 qui

324 1394 529 1451 discipuli
573 1394 667 1444 eius
698 1397 786 1439 fieri
821 1396 926 1440 vel-
953 1407 956 1411 ·

324 1455 455 1504 lent,
507 1456 540 1496 si
573 1456 618 1497 in
654 1456 734 1496 hac
773 1459 925 1499 mutui

322 1516 507 1558 materia
545 1514 760 1558 Dominus
809 1530 928 1572 opo-

322 1579 409 1618 sita
440 1575 514 1618 via
553 1576 796 1619 incessisset
826 1607 837 1624 ,
882 1574 927 1618 Sc

320 1649 413 1677 non
466 1633 598 1675 modo
663 1637 928 1679 exactiorem

319 1695 647 1736 observantiam
720 1698 927 1751 praecepti

323 1767 474 1796 usuras
518 1754 793 1807 prohibentis
837 1767 928 1797 non

322 1813 632 1869 praecepissem
670 1815 745 1855 sed
779 1817 927 1870 potius

321 1873 527 1915 licentias
563 1873 676 1914 circa
712 1875 795 1916 hoc
816 1888 931 1930 pree-

321 1944 510 1987 ceptum
531 1933 830 1982 introductas,
846 1936 931 1976 exi-

319 1992 457 2051 gendi
497 2005 657 2047 nempe
689 2007 838 2036 usuras
873 2009 928 2036 ex

320 2052 492 2095 mutuis
531 2053 691 2093 exteris
724 2054 927 2095 homini-

322 2116 401 2155 bus
421 2111 535 2209 daigs
555 2111 842 2164 probasset,&
857 2113 931 2156 ad-

321 2175 407 2213 huc
441 2183 491 2211 ea
550 2169 604 2210 ad
637 2183 793 2214 mutua
826 2173 928 2216 data

321 2230 519 2274 minibus
555 2230 690 2283 ipsius
739 2232 928 2278 Judaicae

319 2289 572 2341 Religionis
654 2291 929 2336 extendisset

318 2360 473 2394 contra
529 2361 774 2403 expressam
818 2352 926 2411 legis

317 2406 689 2466 prohibitionem,
706 2409 752 2453 δι
772 2423 925 2454 contra

324 2472 583 2516 Sanctorum
606 2472 923 2530 Prophetarum

1093 197 1341 241 doctrinam
1363 229 1376 252 .‚
1405 197 1563 242 Turbae
1602 200 1693 245 haec

1092 260 1322 301 audientes
1343 262 1585 302 maximum
1605 277 1695 317 pas-

1091 333 1137 361 se
1169 331 1308 361 essent
1335 320 1619 370 scandalum,
1646 321 1694 366 8<

1092 393 1183 421 una
1218 394 1327 421 vose
1349 391 1505 422 contra
1532 380 1693 424 Domi-

1091 453 1201 480 num
1233 440 1544 482 inclamassent
1575 457 1586 480 :
1619 451 1694 483 tua

1092 499 1304 541 Doctrina
1342 514 1430 542 non
1460 500 1540 540 sibi
1562 500 1696 542 cohae-

1095 570 1192 608 ret,
1228 560 1281 600 ab
1313 558 1446 607 huius
1481 561 1599 601 enim
1616 574 1696 602 ser-

1096 620 1238 659 monis
1278 620 1405 661 initio
1437 630 1695 669 testatuses‚

1100 677 1223 732 quod
1255 690 1344 720 non
1379 679 1589 721 veniebas
1625 679 1695 721 le—

1096 752 1195 794 gem
1218 768 1228 786 ‚
1250 751 1327 781 aut
1348 737 1585 792 Prophetas
1602 737 1696 781 sol-

1093 798 1290 845 vere,sed
1313 797 1695 852 adimplereznunc

1093 871 1198 901 vero
1230 858 1275 897 in
1309 858 1390 899 hac
1427 860 1606 905 mutui,
1647 857 1694 900 Sc

1101 931 1331 958 usurarum
1348 918 1528 958 materia
1545 948 1557 967 ,
1579 915 1693 959 &le-

1093 991 1220 1034 gem,
1249 975 1294 1018 8(
1330 978 1570 1031 Prophetas
1592 978 1694 1031 pla-

1094 1052 1151 1079 ne
1199 1038 1315 1079 tollis
1347 1068 1360 1085 ‚
1410 1036 1456 1079 8<
1498 1039 1689 1080 evertis.

1093 1098 1367 1151 Praeceptum
1430 1098 1550 1138 enim
1605 1111 1694 1139 non

1101 1157 1306 1212 exigendi
1347 1169 1498 1198 usuras
1530 1172 1583 1198 ex
1599 1170 1696 1197 mu-

1096 1227 1175 1260 tuo
1209 1215 1415 1258 fratribus
1437 1217 1541 1258 dato
1569 1246 1580 1264 ‚
1599 1216 1695 1268 aje-

1090 1290 1149 1334 ge
1202 1289 1279 1330 per
1319 1277 1509 1330 Moysen
1552 1276 1696 1318 tradi-

1093 1348 1190 1378 tum
1211 1365 1223 1382 ‚
1240 1350 1262 1377 a
1293 1335 1464 1378 Sanctis
1481 1336 1696 1390 Prophae-

1093 1406 1150 1437 tis
1183 1406 1273 1436 tam
1307 1409 1436 1437 enixe
1463 1408 1699 1436 commen-

1093 1455 1248 1498 datum
1262 1485 1272 1501 ‚
1295 1451 1340 1496 St
1361 1467 1381 1494 a
1398 1452 1570 1508 Populo
1590 1469 1697 1496 sem-

1095 1529 1171 1570 per
1190 1514 1389 1571 religiose
1403 1515 1697 1562 custoditum,

1096 1575 1177 1616 hac
1215 1584 1292 1615 tua
1326 1575 1524 1615 doctrina
1569 1587 1698 1629 pror-

1094 1647 1165 1674 sus
1181 1633 1375 1689 abrogas,
1393 1631 1438 1675 8<
1456 1634 1511 1674 ad
1526 1646 1698 1676 merum

1096 1691 1336 1735 consilium
1386 1693 1563 1734 reducis
1587 1723 1597 1733 .
1651 1690 1700 1735 &

1093 1766 1272 1794 usuram
1320 1767 1342 1794 a
1375 1753 1544 1795 Sanctis
1585 1753 1699 1794 Pro-

1097 1814 1252 1868 phaetis
1275 1813 1405 1855 toties
1426 1813 1699 1859 damnatam,

1095 1883 1149 1914 ut
1191 1872 1365 1913 lucrum
1420 1882 1575 1913 natura
1620 1884 1697 1913 sua

1094 1931 1263 1973 malum
1284 1962 1295 1980 ‚
1329 1931 1376 1974 8(
1410 1930 1698 1978 detestabile,

1096 2003 1148 2034 tu
1195 2000 1247 2033 ut
1296 2005 1387 2032 rem
1416 2003 1589 2045 prorsus
1620 1991 1700 2031 in·-

1095 2050 1360 2093 din-rentem
1380 2081 1393 2098 ‚
1414 2048 1459 2092 ἃ
1476 2049 1590 2091 nihil
1612 2063 1702 2091 ma·

1096 2111 1127 2152 li
1160 2111 1206 2152 in
1234 2125 1279 2152 se
1298 2109 1537 2153 habentem
1571 2109 1700 2152 nobis

1095 2172 1331 2226 proponis:
1368 2181 1443 2213 tua
1489 2181 1592 2228 ergo
1614 2169 1699 2212 do·—

1095 2231 1266 2278 ctrina,
1302 2228 1349 2271 3<
1380 2230 1462 2270 sibi
1498 2229 1698 2285 oposita2

1096 2288 1143 2332 St
1196 2290 1330 2344 plane
1378 2289 1561 2332 absurda
1599 2300 1695 2330 est.

1094 2352 1212 2404 Ergo
1244 2361 1297 2392 ut
1330 2349 1443 2391 hanc
1498 2349 1698 2391 vitemus

1092 2411 1376 2464 impietatem
1394 2440 1406 2457 ‚
1428 2409 1557 2451 fateri
1577 2419 1698 2461 opor*

1092 2480 1158 2517 tet
1169 2499 1181 2519 ,
1195 2470 1215 2516 J
1219 2482 1339 2515 esum
1354 2463 1701 2524 christumgque-

1597 2537 1694 2569 ma-

1822 1718 1845 1978 *maffia-2⁴11>
1822 1591 1844 1709 εαξη-.-
1828 1561 1841 1584 ·:
1833 1546 1843 1554 :
1832 1526 1844 1537 Α.
1838 1499 1840 1502 -
