1889 2863
872 150 1041 203 (54)

292 232 327 252 2,
363 213 482 245 extra
519 204 565 244 in
603 205 878 261 marginibus
907 239 921 257 ,

297 293 329 310 ,Η
362 278 492 317 quam
527 264 664 305 etIam
696 266 810 306 intra
848 282 921 308 as-

296 352 328 371 „
361 338 483 378 persa
511 323 691 365 fuerant
708 325 920 368 Catholi-

295 411 327 430 ‚,
358 397 416 423 cae
449 384 628 425 veritati
664 387 881 428 contraria
905 416 918 434 ‚

294 471 325 490 ‚‚
358 444 616 489 revidendi,
639 444 885 499 corrigendi
906 477 918 494 ,

294 530 323 549 „
356 500 400 541 <Sc
437 503 723 557 expugnandi
767 518 919 546 curam

293 590 325 608 ‚‚
360 563 728 605 demandavimus
754 595 764 605 .

293 633 337 669 3.
361 620 475 677 Quia
504 622 688 664 Sanctus
708 621 919 672 Raimun-

291 681 372 721 dus
408 683 462 723 ad
498 694 633 735 quem
672 686 806 742 Greg.
842 686 919 728 [Χ.

290 740 407 782 hanc
445 741 713 784 decretalem
749 745 872 787 misit
903 775 917 794 ‚

289 810 343 840 ut
364 815 415 842 ex
439 802 503 841 his
525 801 683 845 litteris
704 805 916 859 F.R.quae

287 873 419 914 supra
448 862 566 908 hunc
597 874 766 906 textum
797 879 919 920 repe-

287 921 467 962 riuntur
500 921 619 968 clare
652 924 880 983 colligitur
901 957 914 974 ‚

285 981 395 1037 legit
422 984 535 1023 hanc
553 985 819 1027 decretalem
837 1015 847 1032 ,
862 997 915 1029 ut

285 1044 419 1084 modo
471 1044 518 1083 in
561 1045 667 1100 juris
706 1047 912 1088 canonici

286 1117 468 1158 corpore
484 1105 731 1154 invenitur,
747 1108 912 1160 absque

287 1163 406 1207 dicta
423 1166 641 1218 particula
661 1179 753 1207 non
775 1196 786 1207 .
807 1167 916 1207 Tra-

286 1235 411 1266 ctans
433 1226 552 1266 enim
584 1227 630 1267 in
663 1239 739 1267 sua
773 1225 915 1267 Sum-

285 1284 479 1331 ma,lib.
498 1298 542 1327 2.
561 1286 635 1329 tit.
660 1283 766 1343 7.§.
792 1293 837 1330 5.
861 1285 915 1327 de

283 1355 367 1383 usu
385 1374 395 1390 ,
410 1341 455 1385 St
478 1346 630 1402 pigno,
652 1347 705 1387 dc
724 1347 807 1387 hoc
825 1360 916 1389 ma-

284 1404 435 1444 ritimo
453 1417 712 1453 contractu,
733 1404 781 1447 8(
817 1418 916 1447 sen-

286 1466 476 1506 tentiam
494 1464 767 1520 ampiectens
781 1495 793 1513 ,
816 1478 913 1519 quae

284 1536 385 1563 eum
405 1554 416 1571 ‚
452 1536 505 1568 ut
536 1526 783 1568 usurarium
817 1522 914 1578 reji-

285 1583 459 1630 ciebat,
494 1599 543 1627 ea
568 1585 739 1627 ratione
760 1616 772 1634 ‚
792 1585 915 1638 quod

282 1655 551 1685 mercatores
602 1658 770 1701 semper
814 1657 915 1685 eutn

283 1703 492 1744 iniehant
527 1718 624 1746 cum
662 1704 914 1746 intentione

282 1761 396 1803 luc-ri
422 1793 433 1810 ‚
464 1776 506 1804 ec
538 1764 650 1819 quia
693 1766 776 1807 hoc
811 1775 913 1805 erac

280 1824 329 1865 in
367 1820 584 1877 fraudem
620 1826 865 1868 usurarum
897 1853 912 1873 ,

284 1885 387 1937 quia
413 1884 585 1928 scilicet
620 1886 703 1926 sub
749 1887 911 1926 horum

283 1944 583 1998 periculorum
613 1976 625 1993 ‚
652 1959 748 2000 quae
789 1947 836 1986 in
864 1960 912 1988 se

282 2014 413 2057 pacto
452 2007 592 2059 pretio
628 2005 911 2050 assumebant

282 2065 475 2106 obtentu
494 2095 504 2112 ‚
544 2065 716 2107 lucrum
753 2082 806 2108 ex
825 2079 911 2106 usu

284 2125 421 2174 ipsius
445 2128 645 2178 pecunIae
661 2138 822 2168 mutuo
841 2125 912 2167 da-

283 2193 336 2224 1ae
359 2187 600 2241 exigebant
622 2219 635 2235 ,
666 2187 736 2229 his
767 2186 912 2228 verbis

284 2257 419 2297 caput
453 2245 685 2289 concludit
716 2264 726 2286 :
767 2246 910 2288 Hodie

282 2318 494 2361 expres-sn
520 2317 583 2345 est·
605 2306 840 2347 decretalis
860 2307 908 2346 [n

282 2378 388 2421 cap.
419 2365 688 2421 Navikqanti
721 2368 773 2407 cle
795 2379 910 2406 usu-

281 2425 345 2465 ris
367 2455 376 2465 .
403 2424 508 2479 Quat
529 2422 646 2466 clare
666 2427 910 2469 ostendunt

284 2486 524 2529 certissime
542 2486 624 2526 sibi
650 2486 910 2541 persuasisse

1090 209 1381 262 quaestionem
1427 221 1450 250 a
1501 207 1716 266 Gregorio
1775 209 1779 212 “

1090 269 1167 310 lx,
1184 267 1271 322 jam
1298 269 1524 310 definitam
1549 283 1653 318 esse,
1669 267 1717 312 &

1087 340 1399 375 contractum,
1433 338 1487 369 ut
1521 329 1717 370 usurari-

1028 387 1032 390 ’
1088 403 1169 428 um
1190 386 1214 428 a
1238 387 1397 429 Sancta
1429 387 1541 429 Sede
1564 402 1717 430 rema-

957 2126 1054 2170 Int.

1087 462 1194 489 nere
1212 446 1429 494 reiectum
1446 477 1457 488 .
1472 463 1515 497 4.
1529 447 1641 505 Quia
1667 458 1718 492 ut

1090 518 1277 551 testatur
1306 508 1550 556 Gonzale2‚
1579 520 1720 562 quem

1089 569 1202 610 citat
1227 598 1239 615 ‚
1282 566 1325 609 δί
1371 569 1492 622 sequi
1535 569 1716 610 videtur

1089 627 1305 670 Benedic.
1322 628 1440 672 XIV.
1459 625 1556 669 loco
1585 639 1717 686 supra

1087 690 1257 731 citato:
1282 689 1329 729 in
1360 687 1568 733 omnibus
1599 686 1719 729 codi-

1086 748 1211 789 cibus
1239 747 1434 802 antiquis
1478 746 1717 789 manuscri-

1084 809 1175 863 ptis
1195 808 1362 866 legitur·
1379 808 1470 847 haec
1494 808 1718 849 Decreta-

1085 866 1140 908 lis
1156 899 1166 916 ‚
1187 880 1239 909 ut
1267 866 1432 925 legitur
1450 867 1495 908 in
1521 867 1716 921 impres-

1084 929 1140 968 sis
1163 929 1326 982 absque
1349 925 1564 982 particula
1587 937 1678 968 non
1698 953 1715 965 .

1083 987 1145 1028 Et
1166 987 1348 1028 demum
1366 1017 1378 1035 ‚
1400 982 1507 1041 qfiia
1538 997 1590 1028 ut
1626 986 1715 1028 ad-

1085 1049 1223 1090 vertit
1237 1047 1480 1089 Cardinalis
1497 1046 1551 1087 de
1566 1047 1682 1088 Luca
1700 1069 1716 1093 2

1083 1106 1139 1148 de
1155 1106 1304 1150 Usuris
1324 1119 1368 1160 p.
1382 1107 1524 1161 prima
1536 1104 1716 1146 Discur-

1085 1179 1130 1216 3.
1154 1168 1208 1208 de
1238 1167 1425 1208 cambio
1455 1166 1711 1207 maritimo:

1084 1228 1253 1268 Omnes
1284 1227 1460 1282 antiqui
1508 1225 1713 1266 Canoni-

1083 1298 1162 1328 stae
1186 1315 1197 1331 ‚
1243 1286 1534 1328 Innocentius
1563 1282 1715 1327 Abba:

1085 1346 1270 1389 Gofred.
1296 1346 1457 1403 legunt
1478 1345 1525 1385 in
1547 1346 1628 1388 hoc
1653 1355 1717 1386 te-

1082 1417 1189 1450 xtu:
1234 1406 1482 1447 Usar-arius
1501 1417 1566 1447 est
1603 1416 1715 1446 cen-

1081 1468 1248 1507 cendus
1270 1496 1281 1507 .
1333 1465 1460 1507 Unde
1490 1466 1717 1509 universa'·

1082 1526 1138 1567 lis
1163 1526 1505 1568 canonistarum
1532 1525 1714 1568 traditio

1083 1595 1182 1634 est,
1229 1587 1313 1627 hoc
1354 1596 1480 1628 textu
1509 1583 1721 1628 da'mnari.

1084 1647 1347 1688 nautificum
1390 1645 1558 1694 faenus,
1590 1643 1715 1700 quod

1082 1704 1206 1761 leges
1228 1704 1382 1748 civiles
1407 1698 1716 1747 Romanorum

1085 1766 1389 1809 admittebant
1408 1794 1421 1813 ‚
1463 1763 1510 1807 St
1546 1765 1714 1822 proba-

1083 1829 1196 1868 bant
1211 1854 1223 1873 ,
1244 1825 1368 1868 ficuti
1390 1835 1563 1868 constat
1584 1839 1638 1867 ex
1661 1826 1710 1867 ti-

1082 1887 1194 1928 tulis
1216 1886 1269 1927 de
1291 1887 1486 1929 Nautico
1519 1885 1681 1928 faenore
1699 1915 1715 1930 .

1081 1947 1163 1988 Hae
1186 1947 1380 1989 rationes
1400 1946 1513 1987 han-c
1532 1948 1711 1988 senten-

1086 2008 1198 2051 tiam
1216 2016 1380 2048 certam
1399 2034 1411 2054 ,
1427 2003 1473 2047 St
1492 2006 1715 2050 indubita-

1085 2077 1178 2110 tam
1212 2067 1397 2107 omnino
1429 2064 1627 2110 reddunt
1651 2095 1665 2108 .

1110 2127 1225 2169 Cum
1263 2125 1400 2178 aliqui
1438 2127 1717 2181 reperiantur

1079 2185 1138 2228 A.
1157 2185 1214 2227 A.
1234 2215 1246 2234 ,
1284 2187 1360 2239 qui
1381 2187 1501 2227 hunc
1534 2196 1710 2228 textum

1083 2247 1395 2302 corrigendum
1437 2259 1527 2287 esse
1562 2245 1711 2290 adhuc

1078 2308 1340 2350 existimant
1359 2338 1373 2355 .
1398 2305 1543 2363 Quam
1566 2320 1607 2349 ra
1618 2307 1710 2348 tio-

1078 2380 1184 2408 nem
1206 2366 1396 2408 afferunt
1418 2368 1474 2409 ad
1500 2378 1587 2408 suae
1617 2366 1712 2414 opi-

1079 2428 1226 2468 nionis
1259 2426 1591 2483 probatIOnem!

956 2485 1061 2528 Res.
1111 2486 1239 2530 Hane
1269 2488 1482 2534 nimirum
1509 2485 1705 2542 particu-

959 2550 1039 2592 58.

1558 2543 1651 2587 lam
