1889 2863
905 88 921 104 Q

908 191 1108 244 (που)

351 260 394 293 tc
419 250 643 305 Emptoris
662 245 930 291 redimibiles
950 252 969 289 ‚2

229 308 330 351 Res,
349 311 526 351 Certum
545 322 609 352 est
627 311 856 364 Emptores
870 323 970 350 cen-

233 381 331 418 145.
353 371 541 411 sualium
568 369 821 425 regulariter
844 368 969 409 habe-

1135 250 1190 292 tis
1228 250 1502 292 creationum
1541 249 1764 294 violaria..-

1134 322 1229 351 rum
1252 340 1265 357 ‚
1294 323 1372 350 seu
1399 323 1613 352 censuum
1643 321 1772 353 vita-

1133 367 1332 411 liciorum
1358 398 1369 416 ‚
1399 370 1478 410 hac
1500 371 1671 411 ratione
1691 371 1764 411 ad-

341 443 385 469 re
404 444 456 468 ex
470 429 547 468 hac
565 430 867 482 promissione,
891 429 968 469 vel

347 486 555 529 Clausula
582 486 643 533 ius
668 487 719 526 ad
756 487 969 540 obligan-

344 548 446 588 dum
503 543 712 586 indirecte
757 560 970 587 censuum

340 607 595 650 venditores
622 605 675 645 ad
694 605 973 647 redimendos

342 680 525 707 census:
560 667 663 719 quia
697 677 796 704 cum
821 666 973 707 vendi-

341 738 453 769 tores
468 727 692 768 Censuum
715 755 727 772 ,
760 726 804 765 in
824 739 973 767 eorum

338 787 575 828 Creatione
589 786 790 840 obligent
803 783 963 833 adeius

337 846 619 887 securitatem
650 875 664 892 ,
709 858 798 885 non
835 845 964 886 modo

337 906 487 946 omnia
536 906 646 945 bona
695 904 874 946 mobilia
918 903 962 947 ἃ

336 962 583 1005 immobilia
609 994 622 1012 ,
652 977 747 1018 quae
770 977 873 1006 tunc
891 966 963 1006 ha-

336 1024 474 1073 bent;
505 1024 577 1065 sed
613 1026 745 1064 etiam
775 1027 951 1071 omnia,

336 1097 433 1137 quae
476 1084 522 1125 in
569 1084 768 1126 futurum
815 1084 958 1125 habe-

335 1144 479 1189 bunt,
512 1143 636 1186 nullo
682 1144 812 1185 modo
850 1155 957 1199 pos-

333 1216 438 1246 sunt
466 1204 576 1245 hanc
619 1207 955 1259 promissionem

332 1263 577 1318 adimplere
596 1293 608 1311 ‚
644 1265 725 1304 nisi
758 1264 867 1305 datis
891 1265 955 1303 Fi-

329 1321 603 1370 deiusoribus
636 1355 647 1365 .
697 1325 785 1364 lam
847 1335 953 1364 vero

326 1382 618 1431 Fideiussores
661 1384 839 1424 idoneos
879 1384 951 1424 in·-

325 1445 477 1486 venire
498 1476 510 1493 ,
542 1446 617 1497 qui
652 1443 754 1485 huic
786 1441 951 1497 obliga-

324 1504 437 1546 tioni
469 1503 684 1545 censualis
721 1518 766 1544 se
802 1502 948 1550 subii-

321 1577 420 1604 cere
455 1565 604 1606 velint
624 1574 793 1605 attenta
816 1564 959 1605 homi-

320 1637 426 1665 num
460 1623 640 1670 indole,
675 1622 763 1664 fere
798 1625 960 1678 impos*-

317 1683 444 1725 sibile
476 1695 540 1726 est
569 1715 579 1725 .
629 1685 759 1727 Unde
795 1697 949 1724 omnes
1006 1684 1095 1725 Int.

319 1755 530 1784 censuum
598 1744 850 1788 venditores
903 1745 946 1786 in

315 1802 427 1844 banc
478 1817 648 1858 pernam
688 1815 787 1858 post
826 1815 945 1851 tres,

314 1873 390 1903 aut
421 1865 621 1917 quinque
654 1877 787 1906 annos
806 1877 939 1918 regu-

317 1919 468 1963 lariter
498 1925 703 1966 incidunt
726 1954 737 1971 ‚
769 1922 814 1964 St
835 1923 945 1962 Lui-

317 1982 427 2022 tioni
475 1983 705 2031 Censualis
749 1981 942 2024 obstricti

316 2053 501 2084 manent·
522 2073 532 2089 ‚
565 2041 609 2084 &
627 2044 707 2086 hac
729 2043 781 2084 de
800 2042 940 2084 Causa

316 2101 363 2140 in
395 2101 535 2145 Curiis
575 2105 826 2144 Barsinonae
856 2102 942 2142 ha—

318 2159 420 2202 bitis
458 2173 572 2203 anuo
612 2177 741 2210 1702.
792 2162 941 2216 prohi-

317 2221 458 2261 bitum
496 2222 583 2264 fuit
615 2223 808 2264 Notat-iis
829 2224 944 2262 hanc

313 2283 648 2336 promissionem
698 2282 942 2325 melioran-

313 2338 356 2379 di
373 2343 664 2397 obligationes
698 2353 907 2384 censuum
929 2371 943 2386 2

320 2413 541 2456 apponere
573 2404 616 2443 in
662 2403 941 2444 instrumen-

1137 426 1300 477 duam
1333 430 1438 481 quia
1472 430 1517 469 in
1553 429 1628 470 illa
1663 431 1774 472 taci-

1139 498 1230 531 tam
1254 489 1513 530 facultatem
1537 489 1770 532 habebunt

1137 547 1372 588 creditores
1395 548 1622 604 obligandi
1655 547 1771 589 Cen-

1137 619 1263 647 suurn
1285 608 1539 649 venditores
1575 607 1629 648 ad
1668 606 1768 649 illos

1138 665 1323 707 luendos
1363 664 1409 708 ἃ
1457 667 1773 716 redimendos;

1139 726 1218 777 (6)
1247 740 1347 767 cum
1386 727 1522 782 igitur
1546 727 1635 766 haec
1658 737 1768 780 pro-

1143 787 1289 827 missio
1342 787 1539 840 apposita
1593 787 1766 828 instru-

1131 847 1290 887 mentis
1310 846 1545 886 creationis
1585 858 1762 887 censua-

1129 904 1238 946 lium
1263 936 1274 952 ,
1308 919 1397 946 non
1420 907 1638 946 minorem
1661 906 1760 947 vim

1127 966 1286 1007 habeat
1305 995 1315 1012 ‚
1339 978 1471 1018 quam
1496 965 1676 1018 quando
1699 965 1759 1006 in·

1127 1027 1384 1066 strumentis
1462 1024 1755 1066 Creatiomun

1122 1085 1408 1127 violat-iorum
1481 1084 1757 1138 apponitur,

1121 1155 1318 1192 certum,
1352 1142 1397 1185 St
1446 1143 1754 1185 indubitatum

1122 1215 1187 1245 est
1217 1235 1229 1250 ,
1277 1205 1508 1258 Emptores
1540 1215 1752 1244 censuum

1120 1264 1279 1306 habere
1304 1266 1348 1304 in
1373 1264 1446 1305 illa
1473 1265 1651 1305 tacitam
1677 1261 1751 1302 fa-

1119 1324 1331 1366 cultatem
1369 1322 1594 1377 obligandi
1628 1335 1750 1364 ven-

1120 1384 1280 1426 ditores
1335 1383 1390 1425 ad
1444 1383 1540 1423 illos
1609 1383 1755 1423 extin-

1117 1443 1314 1501 guendus
1371 1455 1466 1497 post
1519 1454 1636 1488 tres,
1670 1451 1750 1484 aut

1116 1505 1324 1558 quinque
1344 1518 1477 1545 annos
1501 1534 1512 1551 ,
1545 1501 1591 1544 δί
1613 1502 1748 1543 dein-

1125 1574 1226 1618 ceps
1260 1577 1432 1618 semper
1464 1578 1511 1606 ac
1548 1563 1648 1618 ipsis
1684 1560 1746 1602 li-

1128 1624 1272 1666 buerit
1292 1653 1303 1664 .

1118 1682 1165 1724 ln
1182 1683 1395 1724 Censibus
1414 1682 1603 1725 realibus
1620 1711 1631 1728 ‚
1651 1681 1748 1722 Per-

1122 1757 1226 1784 sona
1259 1755 1356 1797 quae
1388 1755 1565 1784 censum
1607 1741 1653 1782 in
1675 1740 1746 1780 bo-

1115 1805 1182 1843 nis
1215 1803 1300 1844 suis
1328 1803 1558 1846 stabilibus
1582 1800 1744 1841 consti-

1115 1863 1203 1905 tuit
1226 1891 1238 1909 .
1271 1874 1413 1916 potest
1453 1859 1507 1903 ne
1540 1875 1585 1902 se
1617 1859 1742 1900 obli-

1111 1936 1215 1978 gare
1254 1923 1306 1962 ad
1343 1921 1612 1964 solutionem
1635 1933 1742 1974 pen-

1108 1984 1277 2023 sionum
1314 1981 1416 2025 dicti
1438 1983 1604 2024 Census
1619 1979 1740 2020 clau-

1108 2041 1213 2082 sulis
1266 2040 1536 2083 defensionis
1579 2042 1641 2082 ita
1684 2047 1737 2081 ut

1111 2110 1288 2156 emptor
1318 2102 1485 2143 Census
1518 2115 1592 2154 pro
1625 2111 1734 2154 pen-

1108 2160 1304 2201 sionibus
1336 2161 1550 2207 decursis,
1580 2157 1732 2201 &non

1108 2219 1262 2261 solutis
1319 2221 1453 2275 possit
1500 2220 1735 2261 executio-

1110 2293 1210 2320 nem
1245 2294 1395 2322 contra
1434 2277 1525 2328 eius
1577 2289 1732 2333 perso-

1110 2352 1213 2379 nam
1251 2340 1444 2386 instare,
1485 2349 1537 2381 ut
1572 2348 1732 2388 nempe

1107 2399 1308 2453 capiatur
1340 2430 1355 2448 .,
1396 2396 1443 2441 St
1486 2396 1728 2441 carceribus

1609 2466 1733 2499 man·

250 2520 330 2572 (6)
360 2519 635 2569 Constituito
674 2522 757 2567 ista
786 2523 835 2564 In
864 2535 1010 2580 appen
1024 2517 1120 2561 dice
1149 2520 1374 2576 trascripta
1404 2528 1472 2564 cst
1494 2547 1508 2560 .

1858 753 1864 773 ι

1858 778 1863 809 Γ
