1889 2863
168 921 262 964 lnt-

173 1521 281 1565 Res.

191 1591 243 1630 45
257 1614 266 1624 .

828 143 996 199 (44)

288 196 491 255 precibus
509 201 766 244 mutuatarii
801 215 907 255 prae-

286 266 420 319 cipue
447 261 556 303 victi
582 279 592 301 :
628 262 748 302 hunc
785 266 907 306 enim

287 325 488 366 animum
504 322 580 362 vix
601 334 713 363 unus
738 322 872 367 habet
895 355 909 372 ‚

286 385 361 426 sed
380 384 469 424 fere
487 392 639 423 omnes
694 394 910 425 mutuum

289 444 371 486 sub
390 441 510 483 lucro
530 440 638 484 dant
658 472 667 490 ,
701 445 804 496 quia
823 458 910 485 cre-

290 503 404 544 dunt
431 531 442 548 ,
463 501 585 555 quod
601 515 653 543 ex
671 515 829 545 mutuo
851 505 910 546 fa-

287 563 414 604 cilius
435 562 653 608 ‚securius
675 591 687 609 ‚
709 560 754 603 ὃς
806 576 909 604 cum

287 621 449 664 minori
472 619 620 662 labore
641 650 652 667 ‚
685 635 818 675 quam
852 637 906 664 ex

285 680 592 738 negotiatione
632 681 905 734 lucrabunt;

287 750 338 786 ac
384 750 613 796 propterea
665 743 725 783 rei
766 755 905 785 usurae

286 811 395 844 sunt
437 801 484 841 in
530 803 740 843 omniurn
781 801 904 846 A.A.

289 861 522 903 Sententia
550 890 561 902 .

325 918 517 963 Animus
530 922 815 976 impendendi
831 925 913 965 uti-

290 980 393 1024 liter
408 983 647 1035 pecuniam
664 995 824 1025 mutuo
843 983 918 1024 da-

290 1052 382 1084 tam
406 1042 656 1096 prediorum
693 1043 766 1085 vel
802 1056 914 1084 cen-

290 1115 420 1143 suum
443 1103 671 1155 emptione
691 1134 702 1150 ,
735 1102 914 1155 quando

290 1162 436 1204 ocasio
448 1175 490 1202 se
506 1162 840 1209 ofleransufficit
858 1177 914 1205 ne
959 1163 1054 1206 Im.

293 1221 343 1262 in
378 1232 613 1264 mutuante
631 1223 684 1265 ad
700 1223 808 1264 lucri
828 1238 914 1265 ces-

291 1282 429 1324 santis
449 1279 815 1336 justificationem
835 1313 846 1330 ‚
877 1284 912 1324 si

292 1342 386 1382 haec
448 1344 617 1385 occasio
670 1353 772 1384 actu
819 1355 909 1385 non

295 1402 417 1444 adest
437 1432 449 1449 ‚
507 1415 612 1442 cum
669 1404 905 1459 pecuniam

295 1473 452 1504 mutuo
485 1462 559 1504 dat
587 1465 606 1501 ἓ

295 1521 398 1564 Non
427 1521 601 1565 sufficit
638 1522 729 1563 hmc
763 1524 902 1565 animi

305 1582 532 1637 dispositio
565 1612 576 1630 ‚
597 1596 693 1635 quae
730 1584 902 1638 reperi—

296 1652 369 1685 tur
390 1643 435 1683 in
471 1644 677 1684 omnibus
701 1643 904 1684 homini-

294 1702 374 1743 bus
397 1731 407 1748 ,
428 1703 505 1757 qui
544 1701 902 1758 Capuccinorum

293 1776 416 1803 more
431 1793 442 1810 ‚
461 1775 569 1805 voto
589 1797 601 1813 ,
618 1761 664 1805 δί
687 1763 900 1806 desiderio

294 1822 491 1865 fortunas
507 1836 604 1865 suas
618 1824 807 1881 augendi
820 1823 902 1863 mi-

294 1896 415 1925 nime
456 1894 770 1925 renuntiarunt
801 1899 816 1932 ;
851 1895 900 1924 ae

292 1943 481 1997 proinde
502 1956 654 1984 omnes
691 1944 768 1998 qui
791 1956 901 1983 mu·-
948 1942 1050 1984 Res,

965 2008 1040 2051 46.

297 2013 424 2045 tuum
447 2004 602 2045 darent
636 2015 812 2057 semper
854 2001 899 2042 h-

293 2077 382 2105 unc
404 2063 587 2106 titulum
612 2062 825 2104 haberent
845 2061 900 2102 ad

295 2122 476 2178 aliquod
512 2124 682 2163 lucrum
700 2151 711 2169 ‚
728 2135 781 2163 ex
794 2135 905 2162 mu·-

293 2194 372 2225 tuo
390 2182 728 2237 percipiendum
750 2194 905 2223 assere-

292 2256 339 2283 re
353 2254 501 2284 autern
522 2251 777 2284 mutuantes
795 2253 906 2281 sem-

295 2315 373 2355 per
388 2302 581 2354 aliquem
620 2299 804 2344 titulum
832 2299 908 2341 ha-

296 2362 397 2402 bere
413 2391 423 2407 ‚
439 2374 539 2401 cum
564 2370 771 2402 mutuum
796 2359 906 2402 dant

294 2419 353 2463 ad
371 2420 542 2478 aliquid
582 2419 700 2465 ultra
735 2429 899 2466 sortem

1076 201 1416 259 percipiendum
1431 219 1521 249 non
1559 204 1692 250 mocio

1079 263 1240 305 falsum
1263 294 1275 312 ‚
1297 262 1343 305 8(
1368 268 1649 317 temerarium
1672 294 1687 317 ‚

1081 321 1127 365 &
1156 324 1331 367 Divinis
1372 326 1650 370 documentis
1671 357 1686 375 ‚

1079 384 1350 426 contrarium
1375 387 1480 435 ;sed
1500 383 1546 427 &
1561 388 1694 429 ratio-

1077 445 1123 485 ni
1138 443 1326 486 naturali
1347 474 1360 493 ‚
1378 443 1424 487 δε
1457 447 1690 488 communi

1076 504 1312 545 hominum
1347 507 1496 547 sensui
1536 507 1692 560 oposi-

1077 574 1173 606 tum
1222 562 1417 607 cieclavit
1477 565 1692 607 Benedic.

1077 624 1198 667 XIV.
1223 624 1266 663 in
1285 622 1556 678 praelaudata
1579 625 1692 666 Con-

1077 684 1315 726 stitutione
1340 702 1349 724 :
1378 683 1469 729 Vix
1482 685 1693 740 pervenit

1073 757 1202 785 num.
1232 756 1300 784 12.
1325 744 1422 784 Hoc
1447 745 1566 784 enim
1605 746 1692 785 ad-

1074 805 1210 845 misso
1230 802 1492 845 latissimum
1522 805 1687 845 ostium

1076 865 1249 919 exiguis
1268 864 1406 904 usuris
1443 865 1691 917 aperiretur

1082 921 1264 979 &leges
1299 924 1465 965 Divinae
1500 923 1581 964 hoc
1610 923 1689 964 lu·-

1081 997 1203 1025 crum
1228 982 1273 1024 δι
1291 985 1323 1023 si
1340 983 1577 1024 minimum
1597 998 1695 1038 pro-

1081 1043 1287 1085 hibentes
1310 1043 1490 1084 inutiies
1524 1070 1538 1091 ³,
1557 1041 1603 1085 ὅ(
1620 1057 1691 1085 su-

1081 1116 1359 1158 pervacanee
1386 1103 1533 1144 forent
1556 1133 1567 1143 .

1119 1164 1162 1204 Si
1177 1174 1385 1205 mutuans
1403 1163 1460 1205 sit
1477 1162 1609 1205 horno
1623 1162 1688 1204 in·

1081 1222 1275 1264 dustrius
1296 1252 1307 1268 ‚
1357 1220 1403 1263 Sc
1436 1233 1689 1264 mercaturae

1082 1282 1257 1324 deditus
1269 1281 1445 1324 sufficit
1476 1296 1531 1322 ne
1554 1283 1606 1323 ad
1624 1280 1690 1336 ju-

1079 1343 1391 1385 stificationem
1443 1341 1553 1383 lucri
1583 1355 1687 1383 ces-

1075 1402 1213 1444 santis
1236 1432 1248 1449 ,
1267 1401 1389 1456 quod
1411 1402 1649 1457 pecuniam
1674 1431 1689 1449 ‚

1073 1475 1169 1516 quae
1186 1463 1238 1503 ab
1261 1466 1354 1516 ipso
1377 1472 1537 1502 mutuo
1559 1462 1686 1517 peti..

1075 1533 1148 1564 tur
1168 1552 1179 1569 ‚
1196 1533 1393 1577 paratam
1413 1521 1577 1563 habeat
1591 1552 1603 1568 ‚
1643 1519 1690 1564 ὃς

1071 1582 1336 1625 destinatam
1357 1580 1410 1622 ad
1427 1580 1688 1636 impenden-

1072 1642 1174 1684 dam
1219 1641 1453 1683 fructuosae
1490 1643 1692 1696 negotia-

1072 1702 1185 1745 tioni
1209 1731 1220 1748 ‚
1237 1700 1417 1755 quando
1451 1702 1620 1742 occasio
1640 1715 1687 1743 se

1069 1763 1111 1804 ei
1142 1761 1325 1812 efferat;
1367 1762 1401 1802 si
1435 1761 1522 1802 haec
1544 1761 1690 1804 ocasio

1068 1834 1215 1864 revera
1233 1834 1324 1862 non
1355 1819 1476 1863 adest
1491 1832 1593 1861 cum
1616 1834 1689 1876 pe*

1069 1882 1251 1923 cuniam
1275 1892 1433 1923 mutuo
1455 1882 1530 1922 dat
1547 1884 1566 1922 ἓ

1114 1941 1211 1981 Hoc
1233 1951 1348 1981 certe
1370 1952 1460 1981 non
1487 1938 1686 1984 sufficere

1073 2001 1178 2055 quia
1198 2012 1303 2041 cum
1334 1998 1391 2039 ob
1422 2001 1686 2058 negotiato-

1069 2073 1171 2103 rum
1196 2059 1539 2101 multitucfinem
1569 2089 1581 2108 ‚
1598 2060 1683 2102 aci-

1071 2121 1160 2161 huc
1183 2118 1436 2160 hominibus
1458 2121 1687 2176 magisin-

1073 2180 1250 2222 dustriis
1284 2176 1330 2219 ὃς
1356 2179 1576 2221 habilibus
1591 2193 1682 2221 non

1073 2253 1119 2281 se
1139 2240 1334 2281 offerant
1356 2250 1527 2294 semper
1549 2251 1679 2297 nego.

1077 2299 1137 2342 tia
1156 2328 1168 2346 ‚
1184 2299 1227 2339 in
1243 2297 1403 2351 quibus
1421 2299 1594 2341 utiliter
1610 2313 1684 2354 po-

1073 2359 1182 2400 ssint
1218 2357 1473 2412 impendere
1537 2371 1678 2413 pecu-

1069 2422 1191 2460 niam
1216 2447 1227 2465 ‚
1250 2430 1382 2471 quam
1405 2419 1536 2462 Domi
1556 2430 1683 2479 rego-

1070 2477 1202 2522 sitam
1235 2477 1403 2524 habent
1422 2498 1437 2530 ;
1474 2476 1564 2527 sed·
1579 2475 1677 2519 fre..

1484 2547 1619 2597 <1120ss-
