1889 2863
888 100 1118 189 ¹(64)

366 202 508 245 quam
545 186 758 245 futuram
784 217 798 238 ,
837 201 989 248 potest

365 249 569 292 Creditor-
616 250 795 305 aliquid
860 252 987 294 ultra

366 321 531 352 sortem
565 324 597 352 ct
628 311 910 352 mutuatarIo
935 324 990 352 e-

363 370 543 427 xigere,
561 381 603 411 ec
621 383 669 411 eo
691 370 825 411 titulo
850 371 908 411 ab
943 385 990 412 u-

342 429 473 474 'sura
492 431 729 472 excusari:
749 429 879 472 Unde
903 444 989 472 ma-

237 905 340 950 (nt.

240 1446 345 1491 Res.

277 1524 348 1559 79·

362 491 583 534 nisestum
640 501 704 533 est
740 498 990 544 emptorem

361 563 455 591 non
494 563 615 607 posse
666 550 798 592 hanc·
829 549 989 591 crediti

363 607 714 653 diminutionem
759 610 806 652 in
852 621 987 650 suum

362 670 656 713 commodum
696 679 988 716 convertere,

366 730 415 775 &
444 729 660 774 creditum
691 725 902 787 integre&
923 728 994 770 de·

359 792 505 834 bitore
540 792 713 848 exigere
736 820 748 838 ‚
791 790 906 844 quin
938 789 986 830 in

363 850 582 892 delictum
624 852 819 892 incurrat
843 880 855 892 .

1154 194 1343 250 cipienti
1368 197 1475 251 ‚qui
1499 197 1546 241 in
1574 198 1694 244 illius
1720 203 1783 246 fa·
1834 193 1836 202 ’

1153 268 1307 298 vorem
1328 256 1682 314 Chirographum
1712 273 1783 305 su.

1155 316 1304 358 scribit
1322 344 1334 361 .
1356 329 1404 358 ut
1424 318 1781 376 Chirographum
1841 315 1850 325 ⁹

1161 375 1219 415 sit
1251 376 1294 442 ei·
1330 377 1524 434 pignoris
1568 380 1665 422 loco
1700 395 1781 436 pro
1842 370 1844 385 '

1154 445 1393 478 securitate
1440 440 1638 492 pecuniae
1671 454 1779 482 mu-

1157 504 1236 536 tuo
1269 493 1454 544 traditae,
1475 500 1595 540 unde
1619 500 1653 541 si
1681 513 1783 541 con·
1844 497 1845 501 ’

1155 563 1290 597 staret
1331 554 1408 597 bas
1446 558 1659 600 cessiones
1701 561 1782 601 mi-

1157 615 1254 655 nori
1272 614 1414 669 pretio
1438 629 1529 658 esse
1559 631 1782 661 consecu-

1159 681 1225 715 tas
1247 702 1260 720 ‚
1287 686 1422 728 quam
1451 676 1573 719 valet
1613 677 1781 722 Chiro...

1156 733 1350 789 graphus
1369 763 1381 780 ‚
1415 746 1470 777 ut
1500 739 1707 780 usurariae
1735 738 1784 780 il·

1156 792 1246 834 lico
1295 790 1319 834 a
1353 793 1668 840 Tribunalibus
1704 812 1780 841 es-

1151 863 1250 894 sent
1282 851 1529 908 rejiciendae
1548 886 1561 899 .

388 906 622 967 Quomodo
641 924 743 968 ergo
764 910 986 951 sustinen-

363 982 437 1015 tur
470 970 535 1010 hae
572 970 984 1026 Chirographorum

362 1033 576 1074 cessiones
594 1060 607 1079 ‚
662 1043 761 1084 quse
799 1030 986 1084 hispano

362 1105 590 1133 sermone:
615 1103 734 1132 nunc
757 1089 949 1130 endosos
972 1118 985 1136 ,

1032 909 1126 953 Int.
1148 910 1268 967 Quid
1298 922 1366 956 est
1397 911 1561 958 locatio
1579 947 1590 966 ,
1617 914 1778 961 &con-

1154 971 1337 1014 ductio?

1031 1029 1134 1071 Res.
1185 1032 1266 1075 Est
1295 1031 1568 1083 commistus,
1603 1036 1649 1077 in
1685 1049 1778 1092 quo

1056 1096 1130 1134 80.
1151 1092 1249 1145 quis
1296 1104 1417 1136 certo
1463 1096 1606 1148 pretio
1633 1126 1646 1143 ‚
1698 1098 1774 1139 vel

362 1165 484 1193 nunc
499 1181 513 1198 ‚
538 1151 795 1191 descuenms
813 1149 864 1189 cle
889 1161 985 1189 vct-

359 1211 421 1252 les
440 1242 451 1259 ‚
473 1225 498 1268 y
530 1211 581 1252 de
608 1210 746 1251 letras
787 1208 838 1249 cie
870 1221 988 1248 cam-

359 1271 432 1312 bio
467 1271 781 1317 nominantur,
809 1268 986 1321 quaein-

363 1341 432 1373 ter
455 1341 713 1374 mercatores
742 1328 854 1370 adeo
872 1340 988 1371 com·

365 1404 522 1433 munes
544 1402 650 1433 sunt
666 1393 685 1429 ‘3

397 1453 681 1494 Sustinentur
702 1449 766 1490 hae
792 1445 989 1490 credito-

370 1525 468 1555 rum
497 1510 715 1552 cessiones
736 1539 748 1558 ,
769 1509 874 1563 quia
895 1521 986 1549 non

362 1582 603 1615 censentur
663 1583 756 1612 esse
796 1573 981 1611 istorum

1036 1386 1131 1431 Int.

1155 1152 1356 1194 mercede
1377 1167 1469 1195 rem
1505 1153 1702 1209 aliquam
1719 1157 1780 1198 al·

1155 1212 1236 1253 teri
1257 1213 1472 1255 utendam
1493 1243 1505 1261 ‚
1530 1215 1604 1258 vel
1632 1216 1781 1256 fruen-

1155 1270 1255 1313 dam
1312 1272 1367 1312 ad
1424 1274 1792 1322 determinatum*

1158 1342 1335 1386 tempus
1353 1332 1560 1375 concedit
1583 1363 1594 1375 .

1186 1391 1238 1431 In
1276 1404 1365 1444 quo
1399 1392 1469 1432 hic
1505 1391 1776 1445 locationis;

1157 1448 1204 1492 Sc
1252 1451 1565 1493 conductionis
1603 1462 1777 1496 contra-

1154 1519 1251 1553 ctus
1292 1507 1317 1552 ὲ
1356 1521 1589 1555 contractu
1624 1513 1776 1557 mutui

1157 1571 1449 1628 distinguitur
1469 1575 1489 1611 2

356 1632 622 1675 creditorum
663 1628 982 1676 venditiones;
1029 1626 1132 1671 Res.
1185 1630 1617 1687 Distinguiturx.ln
1635 1641 1775 1675 mate·

357 1693 434 1734 sed
470 1702 647 1735 tantum
686 1702 814 1744 puras
847 1686 982 1730 credi-

320 1748 324 1751 *
357 1763 506 1795 torum
534 1750 839 1807 delegationes
861 1765 870 1788 :
893 1745 982 1787 Un-

357 1812 413 1853 de
430 1813 465 1853 si
487 1811 562 1852 ille
583 1811 627 1851 in
648 1807 769 1860 cuius
782 1810 980 1850 favorem

355 1871 558 1914 Creditor
620 1867 978 1927 chirographum

356 1932 476 1974 cedit
494 1961 507 1979 ,
525 1930 747 1973 creditum
791 1925 815 1968 a
846 1924 978 1968 debi-

359 2001 452 2033 tore
471 1992 694 2046 percipere
713 2000 803 2030 non
816 1992 976 2042 potest,

355 2062 597 2108 regressum
650 2048 786 2091 habet
823 2055 976 2088 contra

351 2110 629 2152 Creditorem
690 2107 928 2150 cedentem
962 2124 976 2150 2

353 2171 417 2212 ita
435 2181 486 2211 ut
504 2171 721 2212 cessiones
741 2169 829 2208 istae
851 2195 861 2214 ,
879 2175 975 2218 quae

358 2241 593 2272 numerata
627 2227 811 2283 pecunia
848 2225 975 2267 obti-

356 2300 552 2337 nentur,
586 2288 709 2330 aliud
745 2296 833 2327 non
861 2288 974 2331 sint,

351 2361 488 2404 quam
527 2360 683 2392 verum
731 2356 940 2386 mutuum
959 2373 973 2392 ‚

352 2413 400 2454 in
438 2420 525 2461 quo
557 2437 570 2454 ‚
616 2409 695 2461 qui
733 2407 971 2460 pecuniam

351 2469 485 2515 tradit
504 2481 602 2510 eam
623 2476 782 2511 mutuo
803 2464 882 2510 dat
906 2478 973 2508 ac.

1148 1690 1211 1733 ria
1261 1694 1543 1739 contractus,
1585 1693 1773 1734 materia

1148 1749 1269 1791 euim
1292 1748 1525 1793 locationis
1554 1761 1672 1799 sunt,
1689 1765 1773 1799 res,

1149 1809 1307 1863 quibus
1335 1811 1401 1851 uti
1424 1822 1656 1865 possumus
1689 1810 1770 1851 sal-

1148 1882 1207 1911 va
1224 1881 1372 1910 earum
1388 1869 1632 1912 substantia
1649 1899 1660 1916 ,
1681 1871 1767 1912 hoc

1143 1938 1210 1971 est
1230 1957 1243 1976 ,
1276 1930 1386 1981 quin
1405 1939 1767 1978 conssumantur‚

1144 1998 1225 2029 aut
1268 1988 1521 2031 alienentur
1548 2018 1560 2037 ‚
1596 2000 1649 2031 ut
1682 1990 1770 2030 Do-

1143 2059 1240 2087 mus
1261 2076 1274 2094 ‚
1312 2044 1540 2090 Animalia
1564 2077 1576 2096 ,
1613 2047 1770 2106 supel-

1143 2104 1216 2147 lex
1231 2134 1244 2154 ,
1274 2107 1396 2164 agri,
1415 2103 1460 2154 ὃς
1486 2107 1665 2154 similia,
1683 2121 1772 2151 rna-

1144 2165 1250 2207 teria
1295 2177 1445 2208 autem
1479 2165 1628 2209 mutui
1660 2178 1768 2211 sunt

1140 2238 1228 2272 res,
1262 2225 1424 2278 quibus
1452 2227 1521 2269 uti
1557 2238 1647 2268 non
1673 2237 1769 2282 pos·

1140 2296 1294 2325 sumus
1318 2314 1329 2332 ‚
1353 2285 1463 2339 quin
1484 2297 1767 2327 conssuman-

1143 2353 1239 2390 tur,
1270 2353 1347 2386 aut
1387 2344 1668 2393 alienentur,
1712 2354 1766 2388 ut

1141 2403 1341 2444 triticum
1363 2431 1378 2449 ‚
1414 2405 1575 2446 vinum
1622 2416 1766 2459 pecu-

1136 2462 1214 2506 nia
1233 2492 1245 2513 ,
1267 2459 1314 2510 ὃς,
1333 2461 1420 2508 alia
1445 2464 1575 2509 sicuti
1602 2464 1649 2505 in
1670 2475 1764 2504 nu-

1627 2534 1735 2565 ‹me-
