1889 2863
92 591 185 634 lar.

754 160 926 215 (83)

205 246 302 277 rum
325 262 337 281 ‚
383 239 486 270 eum
536 228 693 263 mutuo
726 218 832 263 ver‘e

205 286 579 335 Concurrentium
599 311 611 327 ‚
633 281 701 322 uti
729 290 836 323 sunt

210 355 382 396 lucrum
405 356 571 391 cessans
587 371 599 386 ‚
619 340 836 381 damnum

211 423 438 466 emergens
459 436 471 452 ‚
494 403 538 446 8(
560 400 632 441 alii
650 400 838 450 similes;

211 483 320 515 tunc
339 462 596 511 contractus
634 460 686 502 ab
709 472 837 501 usura

214 531 427 572 immunis
449 537 514 567 cst
542 553 553 564 .
790 579 801 587 ο

241 591 390 633 Potest
429 600 483 630 ne
520 583 754 624 Mutuator
789 592 836 621 ιη

212 652 295 692 hoc
333 660 433 690 casu
469 645 641 685 lucrum
665 640 838 696 exigere

210 711 384 753 ratione
421 701 605 761 periculi
637 702 839 742 amiten-

211 771 274 812 dae
307 769 434 810 sortis
453 797 463 813 ‚
496 761 616 818 quod
645 761 691 800 in
716 774 760 801 se
782 773 843 802 as·

211 831 348 871 sumit
371 823 586 868 liberandi
616 832 843 863 mutuata.

210 892 327 932 rium
364 888 417 928 ab
439 883 714 942 obligatione
745 893 844 922 eam

212 949 428 991 reddendi
452 948 497 987 in
517 955 621 983 casu
648 954 738 996 quo
759 942 848 982 Na-

211 1011 279 1053 vis
298 1010 349 1050 ad
373 1007 645 1047 destinatum
661 1012 846 1043 sottum

211 1070 330 1112 salva
348 1082 437 1109 non
459 1064 688 1120 perveniat
708 1065 727 1101 ‘s'

95 1130 197 1174 Res.
244 1131 395 1172 Potest
416 1124 527 1167 San‘e
552 1124 715 1177 absque
737 1133 849 1163 usu-

103 1196 285 1240 113.ra,
309 1191 548 1232 honestum
585 1185 761 1224 lucrum
798 1197 854 1224 e..

214 1253 367 1306 xigere
406 1249 585 1290 ratione
610 1241 742 1292 huius
781 1257 855 1299 pe-

218 1310 379 1354 ricu!i‚
429 1307 549 1360 quod
595 1304 848 1360 periculum

180 1408 186 1414 .
217 1369 322 1422 iuris
343 1368 553 1413 Auc‘tores
572 1377 760 1413 vocant,
796 1375 851 1408 ut

217 1443 402 1474 numero
439 1440 513 1476 53.
546 1425 713 1468 dic'tum
753 1436 851 1475 est;

74 1510 89 1534 ι,
215 1489 460 1532 dummodo
493 1487 701 1529 observet
737 1485 856 1528 Con·

50 1550 67 1569 ἰ)

216 1551 407 1592 ditiones
444 1547 559 1591 dicio
578 1559 764 1589 numero
781 1561 854 1588 ex-

216 1613 379 1668 positas
402 1641 411 1651 .
465 1610 610 1651 Prima
650 1604 814 1662 nempe
841 1636 855 1654 ‚

217 1670 340 1726 quod
359 1671 532 1713 ratione
551 1669 853 1710 assecuratio-

220 1734 287 1774 nis
329 1730 459 1785 hujus
493 1728 726 1785 periculi,
764 1741 855 1770 non

220 1791 318 1848 plus
341 1793 491 1847 exigat
508 1819 521 1838 ‚
554 1802 689 1843 quam
709 1790 858 1844 exige-

220 1864 287 1894 ret
309 1852 419 1893 alius
443 1881 454 1897 ‚
499 1853 576 1904 qui
614 1850 856 1904 pecuniam

219 1923 379 1956 mutuo
411 1925 500 1952 non
534 1910 754 1958 dedisset,
779 1909 856 1951 sed

222 1987 320 2014 eam
374 1971 520 2012 solum
571 1968 594 2011 ’ὲ
650 1970 857 2025 periculis

223 2032 459 2074 maritimis
512 2042 798 2075 assecurasset
841 2060 851 2072 .

223 2093 456 2134 Secunda:
497 2091 617 2145 quod
654 2104 742 2132 non
780 2091 857 2135 det

218 2163 379 2193 mutuo
400 2153 635 2206 pecuniam
650 2151 731 2192 sub
749 2165 851 2192 cou-

215 2211 386 2254 ditione
430 2212 474 2252 in
508 2209 553 2251 se
597 2211 850 2254 assumendi

214 2282 336 2313 certo
368 2271 508 2327 pretio
533 2270 726 2327 pericula
765 2285 855 2312 ma·

213 2332 398 2379 titixna2
438 2331 497 2372 ita
529 2342 606 2378 ut,
638 2332 670 2372 si
705 2330 853 2373 Navi-

213 2404 323 2447 gans
343 2391 507 2435 offerat
539 2391 653 2434 datis
674 2389 855 2436 fidteius-

217 2450 389 2494 fioribus
411 2481 422 2497 ‚
455 2450 527 2492 Vel
563 2451 818 2508 pignoribus
844 2481 856 2498 ,

222 2510 584 2568 illumtsecurum
603 2512 782 2554 reddere
805 2510 858 2554 de

902 1790 1000 1836 Int.

1000 226 1118 261 sorte
1159 218 1456 275 recuperanda
1477 246 1488 264 ,
1524 225 1635 260 tem·

1007 291 1111 334 pore
1127 291 1217 332 quo
1233 282 1364 322 Periti
1397 276 1637 335 prudenter

1003 338 1270 395 judicabunt
1303 353 1464 383 navem
1488 337 1542 377 ad
1563 338 1635 377 de-

1009 400 1227 441 stinatum
1251 411 1429 454 portum
1455 410 1637 455 perven-

1011 472 1155 503 turam
1172 491 1182 506 ,
1204 471 1313 502 tunc
1337 471 1549 501 mutuum
1571 457 1640 497 de·

1011 522 1085 561 bet
1120 518 1184 561 illi
1205 519 1392 561 omnino
1414 520 1548 576 gratis
1569 516 1640 559 da-

1009 595 1055 622 re
1072 610 1082 628 ‚
1107 578 1151 620 St
1171 581 1283 621 nihil
1302 578 1411 621 lucri
1436 594 1487 619 ex
1511 590 1562 620 eo
1582 591 1641 618 e·-

1010 643 1162 697 xigere
1183 651 1329 695 potest
1344 671 1353 682 .
1373 638 1525 681 Tertia
1549 648 1645 680 tan-

1010 703 1114 744 dem
1139 702 1292 754 :quod
1343 711 1558 741 mutuans
1594 699 1643 738 in

1009 776 1054 803 se
1086 773 1280 805 assumat
1316 760 1443 803 maris
1476 758 1646 815 pericu·

1011 823 1055 866 la
1089 820 1144 862 ad
1201 820 1461 866 instantiam
1507 819 1677 873 ipsius'

1014 884 1277 923 mutuatarii
1295 912 1308 930 ,
1327 880 1403 935 qui
1422 877 1579 922 volens
1595 878 1650 919 si·

1018 943 1061 984 bi
1080 954 1242 984 sortem
1268 937 1535 994 acceptam&
1558 952 1647 980 ma·

1014 1004 1073 1045 ris
1094 1001 1298 1058 periculis
1330 1014 1530 1045 securam
1558 999 1652 1042 red·

1018 1062 1120 1105 dere
1137 1092 1148 1110 ,
1167 1075 1245 1106 sua
1267 1073 1426 1118 sponte
1455 1061 1583 1117 eligit
1605 1065 1650 1102 i-

1020 1125 1116 1167 nire
1151 1123 1270 1165 hune
1317 1123 1652 1168 assecurationis

1023 1182 1300 1229 contraetum
1321 1215 1335 1232 ‚
1368 1184 1516 1239 potius
1548 1195 1652 1224 cum

1022 1246 1118 1300 ipso
1170 1258 1428 1290 mutuatore
1447 1274 1459 1292 ‚
1513 1256 1654 1298 quam

1021 1318 1124 1346 cum
1177 1318 1467 1362 quocumque
1500 1299 1603 1359 {alio
1638 1333 1653 1347 .

1021 1365 1131 1421 Quae
1162 1368 1442 1411 conditiones
1464 1381 1567 1409 cum
1590 1383 1655 1412 ra·

1022 1428 1071 1471 ῐὸ
1094 1458 1104 1472 ‚
1126 1439 1204 1472 aut
1221 1441 1454 1485 nunquam
1472 1426 1536 1471 'in
1558 1444 1655 1484 pra-

1021 1489 1067 1531 xi
1105 1502 1372 1531 concurrant
1394 1520 1407 1537 ‚
1438 1502 1539 1533 tuto
1561 1504 1656 1545 pos-

1022 1561 1128 1589 sunt
1150 1550 1417 1591 Confessarii
1451 1552 1655 1593 usurari-

1023 1621 1100 1651 um
1120 1611 1413 1663 pronuntiare
1424 1612 1654 1654 cambium

1024 1670 1305 1711 maritimum
1328 1685 1403 1726 per
1419 1672 1540 1715 viam
1558 1686 1657 1715 mu-

1026 1730 1092 1773 tui
1127 1731 1401 1772 celebratum
1426 1762 1437 1774 .

1046 1790 1265 1834 conditio
1306 1791 1380 1832 illa
1403 1823 1416 1841 ‚
1457 1806 1545 1849 qua
1581 1794 1655 1836 hie

1024 1849 1277 1895 contrac‘hls
1297 1853 1436 1894 initur
1454 1884 1465 1900 ‚
1482 1853 1657 1899 scilicet

1024 1912 1291 1955 restituendi
1346 1924 1509 1956 sortem
1537 1928 1660 1957 acce-

1024 1985 1151 2026 ptam
1174 2003 1184 2019 ‚
1206 1973 1351 2014 solum
1380 1975 1414 2014 si
1435 1975 1573 2018 Navis
1601 1974 1658 2016 ad

1025 2033 1208 2076 Portum
1244 2032 1520 2077 destinatum
1559 2038 1657 2080 sal-

1021 2107 1080 2137 va
1120 2096 1375 2146 pervenerit
1407 2113 1417 2135 :
1466 2098 1657 2141 minime

1021 2153 1128 2221 vero
1148 2153 1250 2194 siin
1272 2156 1566 2209 navigatione
1586 2174 1657 2214 pe-

1022 2224 1150 2255 rierit
1190 2243 1201 2260 ‚
1255 2216 1405 2259 nonne
1445 2231 1655 2261 naturam

1022 2271 1275 2314 contrac‘his
1310 2279 1458 2321 mutui
1480 2279 1655 2320 immu-

1023 2343 1122 2380 tat,
1167 2332 1215 2375 &
1262 2334 1393 2377 illum
1438 2339 1483 2379 in
1520 2338 1655 2382 aliam

1021 2393 1217 2448 speciem
1256 2396 1506 2440 contractus
1538 2412 1657 2442 con-

1025 2455 1203 2496 vertit?
1240 2454 1356 2497 Cum
1396 2471 1605 2502 mutuum
1642 2490 1653 2508 ‚

1029 2526 1086 2555 ex
1113 2524 1272 2555 natura
1306 2530 1383 2560 sua
1421 2531 1547 2575 petat
1568 2550 1579 2567 ‚
1604 2532 1657 2564 ut

1172 2573 1206 2615 F
1241 2587 1266 2624 3
1567 2592 1656 2624 sors
