1889 2863
270 1192 366 1235 Ιηὲ.

279 2030 381 2074 Res,

296 2103 374 2142 83·

377 306 531 338 eorum
574 305 706 346 purus
736 294 978 336 mandata-

377 356 467 399 rius
497 383 510 401 ,
557 351 632 393 vel
695 354 979 411 negotiorum

376 424 550 472 gestor,
582 410 655 454 vel
674 413 979 468 saltem‚quod

379 487 479 517 eam
526 483 748 514 societatis
794 486 980 514 nomme

377 531 597 586 recipiens
632 561 645 579 ‚
688 532 980 587 negotiationi

380 600 575 647 exponet
610 593 838 633 commu-ni
874 592 985 646 peri-

379 651 482 695 culo
502 681 514 697 ‚
544 661 598 694 ut
635 652 753 708 leges
784 652 983 693 societa-

383 713 440 756 tis
484 711 638 753 ferunt
673 740 685 758 ‚
733 712 838 765 quia
894 724 985 754 non

381 769 573 828 quantas
588 772 755 829 negotii
774 800 786 819 ‚
816 772 886 812 cui
901 784 988 812 ma-

368 834 492 875 witus
524 831 748 884 impendit
802 831 985 879 dotem,

382 893 461 935 sed
494 891 683 945 qualitas
729 901 919 945 personae
941 891 987 930 i·-

383 951 502 1007 psius
525 951 671 993 mariti
709 951 763 992 ad
786 951 983 1006 inopiam

382 1011 616 1066 'vergentis
637 1022 703 1053 est
722 1009 869 1053 totalis
889 1022 987 1052 cau-

383 1084 431 1114 sa
464 1069 596 1118 hujus
629 1070 867 1114 Pontificiae
909 1070 985 1112 di-
1023 1097 1030 1100 -

387 1131 639 1187 spositionis
663 1161 675 1172 .

440 1189 627 1233 Possunt
662 1203 718 1232 ne
766 1189 989 1245 Principes

390 1251 684 1306 Supremisuo
717 1248 807 1291 alto
821 1247 990 1308 [domi-

374 1313 491 1358 nio,
524 1308 570 1352 δε
599 1321 805 1365 suprema
839 1339 851 1357 ‚
900 1322 989 1363 qua

388 1370 566 1429 pollent
587 1369 851 1411 auctoritate
882 1370 995 1410 face-

390 1445 469 1480 re,
515 1428 637 1485 quod
665 1430 751 1470 suis
809 1428 994 1470 subditis

390 1492 440 1533 in
468 1489 621 1544 aliquo
670 1502 772 1532 casu
817 1488 993 1530 licitum

391 1552 465 1598 sit,
493 1552 707 1606 exiguum
722 1546 796 1591 vei
830 1547 995 1588 mode-

391 1622 538 1652 ratum
561 1611 736 1651 lucrum
759 1622 812 1649 ex
835 1618 995 1650 mutuo

394 1672 568 1727 exigere
587 1672 606 1708 2
634 1670 749 1709 sicut
778 1679 854 1708 suo
904 1665 995 1709 aito

395 1730 596 1771 dominio
639 1728 836 1775 faciunt,
874 1726 995 1781 quod

395 1790 529 1831 licitae
544 1789 632 1830 sint
653 1789 870 1829 bonorum
893 1785 998 1828 alie-

395 1863 555 1890 norum
576 1847 890 1904 adquisitiones
906 1845 998 1886 lon-

397 1910 442 1965 gi
479 1907 685 1963 temporis
718 1905 999 1960 praescriptio-

400 1982 457 2009 ne
474 1972 494 2008 ,9

458 2028 598 2071 Nullo
635 2026 767 2068 modo
789 2055 801 2074 ,
827 2036 906 2067 nec
940 2024 1003 2065 di-

406 2098 524 2129 recte
539 2118 549 2135 ,
583 2101 664 2129 net·
685 2087 899 2128 indirecte
918 2083 1002 2128 hoc

402 2146 622 2202 Principes
639 2146 779 2187 facere
792 2153 971 2199 possunt
989 2174 1004 2192 ,

399 2211 508 2264 quia
524 2220 679 2249 omnes
718 2203 918 2246 homines
949 2217 1004 2243 e-

403 2273 512 2313 tiam
532 2266 753 2320 Principes
767 2261 1008 2316 subjiciun-

406 2342 480 2373 tur
500 2329 607 2374 Deo,
625 2323 912 2377 eiusdemque
932 2320 1005 2362 le-

401 2390 533 2446 gibus
564 2386 727 2427 debent
761 2383 1005 2436 obtempe-

402 2461 537 2496 rare3
579 2458 658 2485 nec
708 2451 889 2497 possunt
935 2452 1006 2481 eas

404 2507 598 2552 limitare
628 2534 642 2553 ,
689 2502 764 2547 vel
823 2500 1003 2556 dispen-

928 176 1090 234 (32)

340 222 351 226 “
375 230 517 277 riculo
563 229 836 275 tradentium
858 262 871 282 ,
925 247 980 280 ut

1144 232 1362 274 sationem
1401 229 1599 287 aliquam
1618 231 1665 275 in
1704 246 1745 276 a·
1787 228 1815 287 J

1073 317 1077 323 -
1144 291 1269 345 liquo
1300 304 1400 333 casu
1433 294 1480 334 in
1513 293 1574 333 eis
1592 305 1746 335 conce-

1149 352 1252 392 dere
1270 381 1281 399 ,
1308 365 1388 394 nec
1421 350 1571 406 aliqua
1588 354 1660 394 via
1682 353 1749 394 in·

1145 410 1311 455 directa
1352 425 1422 453 eas
1455 411 1605 454 debito
1637 411 1750 453 effe-⁴-

1144 481 1223 513 ctu
1253 471 1509 513 defraudare
1551 470 1754 525 proinde·

1147 543 1236 583 que
1269 543 1357 572 non
1391 542 1577 587 possunt
1607 531 1753 572 facere

1149 589 1271 644 quod
1315 601 1569 634 contractus
1603 590 1753 633 mutui

1152 651 1211 692 sit
1257 651 1303 691 in
1360 652 1452 692 suis
1507 649 1753 692 ditionibus

1152 709 1418 752 Contractus
1453 710 1718 751 Lucrativus
1739 739 1755 756 ‚

1153 778 1389 822 postquam
1406 770 1526 816 Jesus
1555 769 1757 811 Christus

1152 830 1359 883 praecepit
1379 859 1391 877 ,
1423 829 1545 884 quod
1581 841 1758 883 semper

1155 886 1202 929 &
1230 888 1277 928 in
1328 890 1453 930 omni
1492 901 1593 932 casu
1643 888 1758 930 foret

1150 957 1403 991 contractus
1429 950 1614 991 omnino
1649 961 1760 1004 gra-

1157 1008 1326 1056 tuitus,
1352 1022 1405 1050 ex
1438 1021 1526 1064 quo
1559 1008 1673 1049 nihii
1694 1007 1760 1047 lu·

1153 1067 1215 1108 cri
1239 1096 1251 1114 ‚
1278 1068 1351 1111 vel
1385 1069 1502 1127 exigi
1522 1098 1534 1116 ‚
1563 1065 1639 1110 vel
1667 1079 1764 1121 spe-

1153 1127 1235 1167 rari
1295 1130 1430 1183 possit
1481 1157 1492 1168 .
1536 1125 1762 1181 Principes

1155 1185 1274 1227 bono
1337 1188 1519 1243 publico
1566 1188 1627 1228 sic
1659 1186 1762 1228 ex?-

1155 1257 1292 1302 gente
1312 1277 1324 1295 ‚
1356 1257 1539 1303 possunt
1565 1246 1761 1288 subdito-

1158 1319 1258 1346 rum
1291 1315 1554 1350 consensum
1595 1307 1642 1347 in
1670 1304 1763 1347 ali-

1159 1365 1322 1419 quibus
1353 1367 1522 1409 casibus
1557 1365 1766 1421 suplere,

1159 1427 1278 1467 sicut
1309 1425 1457 1482 supiet
1476 1426 1618 1472 Judex
1633 1427 1680 1466 in
1697 1425 1764 1465 his

1163 1485 1386 1539 Hispaniae
1402 1486 1563 1542 Regnis
1587 1497 1770 1527 consen·

1161 1557 1260 1586 sum
1291 1546 1528 1588 Parentum
1550 1575 1563 1592 ,
1598 1545 1675 1598 qui
1696 1543 1766 1586 ab·

1161 1618 1271 1658 sque
1310 1603 1430 1658 justa
1470 1617 1598 1646 causa
1621 1614 1765 1645 renu-

1161 1674 1248 1706 unt
1264 1665 1554 1708 matrimoniis
1574 1662 1766 1704 filiorum

1163 1725 1409 1766 consentire
1430 1756 1439 1773 ,
1474 1722 1520 1767 8(
1561 1722 1769 1765 debitoris

1160 1786 1401 1827 recusantis
1428 1784 1639 1833 aprobare
1663 1796 1771 1826 ven-

1165 1844 1382 1886 ditionem
1414 1856 1595 1886 suorum
1619 1843 1766 1882 bono-

1166 1916 1265 1944 rum
1296 1917 1348 1946 ex
1382 1912 1598 1958 praecepto
1632 1902 1768 1955 ipsius

1165 1961 1325 2018 judicis
1351 1963 1544 2010 factam,
1570 1971 1624 2003 ut
1655 1962 1769 2002 exi-
1803 1965 1807 1969 ”

1168 2024 1281 2064 stius
1300 2021 1574 2066 venditionis
1618 2020 1770 2076 praetio

1169 2083 1457 2124 creditoribus
1489 2094 1572 2123 sua
1602 2079 1768 2123 credita

1167 2141 1637 2192 solvantus;attamen‚
1651 2140 1773 2193 quod

1169 2201 1448 2243 subditorum
1485 2199 1622 2242 libero
1657 2212 1772 2239 con-

1171 2274 1298 2302 sensu
1329 2261 1416 2302 fieri
1461 2274 1550 2302 non
1596 2268 1770 2316 potest,

1172 2322 1279 2374 quia
1328 2331 1394 2363 est
1437 2321 1601 2363 Divina
1654 2318 1773 2372 Lege

1171 2380 1473 2434 prohibitum,
1513 2390 1567 2422 ut
1607 2380 1773 2420 matri-

1173 2440 1378 2482 moniu‘ru
1417 2452 1518 2480 cum
1574 2438 1774 2494 pluribus

1171 2498 1305 2541 simul
1358 2500 1436 2543 vel
1498 2498 1553 2540 ad
1599 2509 1773 2540 certum

1653 2567 1779 2603 tem-
