1889 2863
85 834 182 879 lnt.

82 1076 389 1189 Bet-quando
449 1136 588 1193 exigit
646 1135 820 1189 aliquid

768 168 941 223 (3⁷)

213 245 304 275 non
328 228 458 273 modo
478 229 566 271 suis
585 224 776 271 subditis
808 260 823 280 ,

212 293 480 350 gravissimis
497 290 729 345 propositis
743 303 823 344 pae.

207 356 274 396 nis
294 383 306 399 ‚
339 363 642 407 quascumque
676 363 823 394 usuras

206 414 448 469 prohibent
464 410 562 461 ;sed
579 411 822 454 etiamcon-

208 484 370 517 tractus
381 483 538 513 omnes
553 472 597 512 in
616 471 819 514 fraudem

207 545 440 574 usurarum
473 562 485 579 ‚
537 528 582 572 &
631 531 686 572 ad
728 533 820 572 cir-

205 591 588 635 cumveniendum
610 590 729 647 leges
759 605 820 632 u-

204 666 324 696 suras
347 653 784 708 prohibentesinitos
806 684 818 701 ,

206 714 288 754 sub
327 712 505 768 paribus
544 712 677 767 paenis
715 712 820 767 ipsis

205 773 501 816 interdicunt.

242 834 321 875 Est
361 847 417 875 ne
454 846 629 888 semper
681 843 820 875 usurae

202 907 299 937 reus
316 905 527 935 mutuans
544 923 556 940 ‚
572 894 649 947 qui
669 909 691 936 a
726 907 822 934 mu-

207 955 400 996 tuatario
422 953 593 1009 aliquid
609 954 728 996 ultra
741 968 814 997 so-

207 1026 321 1057 rtem
356 1015 506 1056 datam
541 1015 700 1069 exigit?

249 1076 512 1130 Estsemper
561 1087 700 1116 usurae
720 1088 818 1117 reus

205 1194 321 1239 ultra
369 1205 537 1237 sortem
578 1225 592 1243 .,
646 1196 819 1238 ratione

202 1257 339 1311 ipsius
364 1256 509 1297 mutui
533 1286 544 1303 ,
564 1252 610 1295 St
646 1257 820 1299 ratione

201 1329 305 1357 usus
336 1318 462 1358 sortis
492 1325 653 1357 mutuo
687 1315 816 1359 datae:

202 1377 257 1418 ab
296 1389 422 1418 usura
456 1387 603 1417 tamen
625 1376 706 1418 erit
742 1377 818 1417 im-

202 1439 379 1485 munis,
410 1437 445 1477 si
500 1434 616 1476 illud
671 1437 814 1492 exigit

165 1520 171 1535 ‹
202 1510 258 1538 ex
290 1497 386 1538 aliis
414 1498 554 1538 causis
579 1526 590 1543 ‚
622 1492 668 1537 &
692 1499 815 1539 titu-

74 2094 184 2138 Res.

96 2167 179 2206 37.

205 1556 258 1598 lis
291 1557 512 1602 extraneis
530 1587 542 1604 ‚
574 1556 690 1599 forte
709 1571 813 1599 cum

204 1629 367 1660 mutuo
414 1618 779 1660 concurrentibus
799 1648 812 1665 ,

170 1707 181 1719 .
245 1677 391 1719 Tituli
411 1690 512 1717 cum
534 1688 694 1719 mutuo
713 1690 812 1719 con-

204 1748 453 1783 currente3‚
473 1737 552 1790 qui
591 1749 812 1779 mutuan-

209 1798 244 1840 ti
275 1793 345 1851 jus
388 1797 579 1839 tribuere
626 1808 810 1852 possunt

203 1855 258 1897 ad
290 1854 405 1905 iuste
431 1857 701 1914 exigendum
735 1857 813 1900 ali-

202 1916 315 1971 quid
349 1915 466 1960 ultra
501 1927 662 1958 sortem
713 1929 811 1959 tra-

204 1976 349 2019 ditam
381 2008 395 2027 ,
445 1976 600 2032 quales
646 1977 812 2023 debent

209 2040 336 2078 esse?
547 2084 549 2086 ,

246 2095 422 2140 Debent
441 2109 532 2138 esse
553 2097 674 2140 tituli
698 2111 806 2139 mu·-

215 2165 294 2197 tuo
327 2156 593 2204 extrinseci,
639 2155 685 2197 St
725 2160 804 2212 qui

196 2213 300 2255 huic
323 2216 573 2258 contractui
592 2229 684 2257 non
715 2219 806 2261 sint

197 2274 512 2317 connaturales
532 2305 544 2323 ,
587 2272 636 2317 ἃ(
666 2277 804 2319 inna-

202 2337 267 2377 ti:
304 2334 383 2377 Uti
421 2334 589 2376 ssened.
621 2335 741 2379 XIV.
755 2338 803 2378 in

194 2395 329 2437 toties
361 2396 498 2437 citata
545 2394 800 2438 Enciciica:

196 2454 282 2495 vix
309 2454 543 2512 pervenit,
566 2454 631 2496 his
659 2457 803 2499 verbis

196 2527 395 2572 expresse
414 2514 671 2563 declaravit:
688 2515 803 2575 „Per

866 1310 962 1355 Iar.

860 1616 968 1660 Res.

990 257 1021 278 ,,
1054 228 1145 271 haec
1212 237 1367 274 autem
1425 244 1601 287 nequa-

993 319 1023 339 ‚,
1055 303 1192 344 quarn
1210 302 1430 347 negatur,
1453 294 1605 348 inquit

987 381 1022 399 0,
1053 363 1182 392 num.
1221 364 1264 400 9.
1292 362 1416 406 posse
1451 366 1601 406 quan-

990 440 1020 459 0,
1052 410 1198 466 doque
1232 423 1321 453 una
1351 425 1455 453 cum
1494 427 1609 454 mu*

991 501 1019 519 .‚
1053 472 1117 513 tui
1156 482 1389 515 contractu
1410 503 1423 520 ‚
1460 486 1602 528 quos-

989 561 1019 579 „
1052 531 1151 572 dam
1185 530 1295 574 alios
1316 563 1327 580 ‚
1373 545 1428 575 ut
1473 533 1604 588 ajunt

990 621 1019 640 ‚,
1055 592 1237 640 titulos,
1293 593 1559 648 eosdemque
1590 625 1606 640 ‚

989 682 1019 700 „
1054 652 1243 706 ipsimet
1262 655 1509 695 universim
1533 668 1605 696 na-

989 741 1018 761 „
1053 721 1159 754 turae
1213 715 1360 755 mutui
1411 715 1605 757 minime

990 802 1018 820 ‚,
1050 771 1267 821 innases,
1305 771 1352 815 δι
1383 772 1603 816 intrinse-

990 862 1018 880 „
1049 846 1125 873 cos
1153 864 1164 882 ,
1198 835 1312 876 forte
1332 845 1606 877 concurrere:

991 922 1018 941 „
1052 906 1106 934 ex
1144 896 1305 948 quibus
1327 893 1443 948 justa
1460 897 1605 941 omni-

989 981 1027 1000 ‚‚
1057 964 1115 994 no
1134 984 1145 1002 ‚
1180 955 1472 1010 legitimaque
1490 969 1604 997 cauq-

988 1041 1022 1061 ,‚
1054 1025 1098 1055 sa
1140 1027 1378 1072 consurgat
1412 1045 1424 1063 ‚
1477 1016 1607 1070 quid-

992 1101 1022 1122 „
1055 1086 1193 1128 quam
1257 1075 1480 1130 amplius,
1521 1089 1606 1117 su>-

989 1162 1020 1182 „
1058 1147 1131 1188 pra
1165 1146 1328 1178 sortem
1355 1149 1407 1177 ex
1440 1148 1605 1178 mutuo

989 1223 1019 1241 ‚‚
1050 1195 1250 1239 debitam
1293 1197 1379 1241 rite
1410 1197 1603 1253 exigen-

988 1283 1018 1302 „
1051 1255 1095 1296 di
1131 1286 1141 1296 .

1024 1311 1214 1375 Assigna
1235 1316 1406 1373 aiiquos
1419 1335 1471 1363 ex
1494 1318 1599 1361 titu-

986 1373 1040 1415 lis
1073 1390 1232 1420 mutuo
1254 1379 1527 1427 intrinsecis,
1551 1377 1600 1421 &-

992 1436 1160 1479 innatis
1179 1451 1401 1507 ,quorum
1422 1452 1506 1496 ope
1523 1439 1600 1480 ni-

983 1495 1047 1536 hil
1066 1500 1250 1540 omnino
1273 1499 1320 1540 in
1357 1513 1517 1544 mutuo
1533 1511 1598 1541 su-

984 1570 1236 1611 prasortem
1252 1560 1367 1618 exigi
1391 1562 1557 1616 potest²

1036 1617 1162 1660 Unus
1179 1620 1339 1662 existis
1357 1621 1598 1664 tituiismu-

946 1710 954 1719 .
993 1690 1071 1721 tUO
1095 1683 1344 1724 intrinsecis
1381 1694 1447 1724 est
1478 1691 1600 1725 Certe

982 1737 1105 1780 labor
1126 1742 1173 1781 in
1196 1741 1495 1795 recuperanda
1513 1754 1602 1782 sor-

982 1810 1028 1841 te
1060 1800 1401 1855 impende-adm,
1423 1803 1599 1844 Procu-

981 1871 1100 1902 rator
1118 1872 1270 1903 autem
1287 1891 1298 1910 ,
1312 1863 1389 1916 qui
1409 1862 1595 1907 Domini

984 1920 1197 1963 mandato
1215 1935 1377 1964 sortem
1400 1936 1420 1963 a
1441 1933 1597 1963 mutu·

982 1981 1123 2021 atario
1155 1983 1378 2039 exigeret,
1410 1984 1494 2025 rite
1517 2011 1528 2030 ‚
1545 1979 1594 2023 St.

985 2036 1105 2090 juste
1125 2052 1269 2096 posset
1290 2045 1513 2098 percipere
1532 2055 1595 2083 sa-

976 2098 1135 2141 larium
1159 2101 1301 2150 illud
1320 2102 1442 2157 quod
1470 2103 1594 2159 iegi—

977 2160 1059 2200 bus
1075 2191 1088 2208 ,
1106 2162 1178 2203 vel
1199 2162 1399 2219 legitima
1422 2176 1592 2205 consu-

973 2221 1161 2262 etudine
1186 2235 1262 2276 pro
1291 2222 1511 2265 similibus
1534 2237 1589 2264 ex

973 2281 1224 2322 actionibus
1267 2282 1382 2326 foret
1423 2283 1588 2325 defini-

973 2350 1072 2381 tum
1094 2358 1106 2391 ;
1136 2353 1348 2384 mutuans
1381 2357 1486 2388 vero
1509 2343 1585 2385 ni-

971 2398 1036 2442 hil
1057 2401 1136 2442 hac
1159 2401 1214 2444 de
1250 2415 1379 2445 causa
1411 2405 1587 2462 exigere

978 2470 1128 2518 potest
1159 2491 1172 2510 ,
1191 2463 1297 2517 quia
1311 2463 1433 2506 labor
1453 2477 1586 2505 recu-

970 2521 1155 2578 perandi
1196 2533 1361 2569 sortem
1420 2536 1586 2568 mutu·

1531 2586 1585 2630 da

1288 2634 1390 2647 μ’,
