1889 2863
827 222 844 248 l'

102 282 207 329 Res.
278 280 385 323 Tres
411 274 601 319 rationes
630 214 824 315 clarac&
856 220 878 256 9
912 212 937 263 >

100 360 199 393 1¹7-
232 338 484 382 decretoriae
523 332 681 373 adduci
717 346 825 388 pos-

990 271 1170 313 cuniam
1211 269 1399 310 interest
1426 296 1441 313 ‚
1481 259 1603 316 quod

996 332 1184 389 pecunia
1215 325 1510 378 negotiationi
1534 336 1606 362 ex-

218 412 351 444 sunt.
369 399 529 442 Prima,
544 395 650 447 quia
676 395 720 434 in
743 395 824 435 hac

220 459 518 505 conventione
535 454 829 496 adinveniun-

220 532 293 565 tur
326 523 407 562 tria
446 515 522 557 ilia
541 544 552 560 ,
582 527 678 567 quae
702 527 828 556 num.

216 595 266 624 2.
304 580 497 622 diximus
529 584 671 615 totam
691 589 832 616 essen-

226 644 338 685 tiam
373 636 518 680 mutui
541 635 831 682 constituere,

219 701 396 745 scilicet
448 696 632 738 materia
696 693 831 742 huius

220 770 478 805 contractus
502 786 514 803 ,
553 767 652 809 quae
674 765 739 797 est
760 768 832 809 pe·

219 823 356 865 cunia
378 831 500 874 ‚quae
516 816 708 858 traditur
733 845 744 856 .
763 816 833 856 Se-

219 881 372 926 cundo
388 880 485 922 finis
515 874 569 917 ad
588 887 721 930 quem
745 886 837 915 mu-

222 943 414 986 tuatario
437 936 651 984 traditur,
670 935 746 989 qui
770 945 836 977 est

222 1016 276 1046 ut
305 1015 355 1043 ea
391 1009 544 1042 utatur
571 996 838 1052 negotiatio-

225 1065 274 1105 ni
309 1073 407 1103 earn
454 1055 718 1113 exponendo
741 1084 754 1102 ‚
790 1053 836 1096 8<

229 1124 279 1165 in
336 1120 525 1162 aliorum
582 1115 834 1156 dominium

227 1183 461 1237 emptIOne
501 1176 713 1218 mercium
733 1174 834 1222 ‚vel

225 1244 313 1285 alio
345 1241 476 1282 modo
509 1250 606 1278 eam
643 1235 836 1278 transfe-

226 1302 366 1346 rendo
387 1318 400 1351 ;
423 1298 468 1343 St
500 1298 629 1340 tertio
651 1306 837 1350 pactum

227 1361 275 1406 &
314 1375 459 1408 onus,
489 1371 580 1414 quo
619 1356 700 1410 ipsi
741 1367 838 1398 tra-

232 1423 378 1469 ditur,
407 1419 575 1462 scilicet
607 1429 659 1458 ut
704 1429 839 1457 rece-

236 1494 361 1538 ptam
397 1480 592 1536 pecuniae
615 1478 842 1531 quantita·

236 1554 330 1586 tem
349 1541 536 1584 salvam,
551 1536 842 1592 &integram

237 1604 486 1644 constituto
528 1611 725 1654 tempore
749 1610 843 1638 mu-

238 1661 388 1705 tuanti
421 1660 575 1701 reddat
592 1687 604 1699 .

295 1720 498 1762 Secunda
523 1749 534 1766 ,
571 1717 674 1772 quia
734 1729 842 1776 pum

236 1782 427 1837 pecunia
467 1780 513 1819 in
550 1778 633 1820 hoc
655 1789 756 1818 casu
771 1792 844 1819 ne-

236 1840 478 1897 gotiationi
492 1849 740 1893 exponatur
754 1851 842 1880 non

238 1899 440 1956 periculo
460 1898 606 1941 dantis
627 1914 641 1948 ‘‚
677 1896 750 1938 sed
773 1911 845 1953 pe-

238 1960 380 2002 riculo
400 1958 765 2013 recipientis‚qui
790 1956 845 1999 ad

239 2033 341 2062 eam
392 2018 709 2060 restituendam
761 2018 851 2059 ob-

243 2081 402 2121 noxius
454 2089 656 2120 remanet
682 2106 694 2124 ‚
769 2079 851 2119 etsi

242 2138 550 2197 negotiatione
567 2149 707 2180 totam
726 2139 850 2180 amit-

243 2209 312 2242 tat
340 2197 497 2240 eodem
528 2211 700 2252 prorsus
717 2198 850 2240 modo

246 2273 296 2301 ac
327 2257 360 2297 si
395 2259 476 2298 ista
499 2257 699 2298 conditio
723 2271 854 2313 expo-

248 2316 388 2360 nendi
433 2317 666 2371 pecuniam
708 2330 856 2374 nego-

247 2377 428 2421 tiationi
464 2374 636 2423 adiecta
673 2389 763 2418 non
796 2391 854 2419 es-

248 2448 346 2483 set,
380 2435 456 2477 sod
485 2437 673 2490 pecunia
688 2437 860 2492 simpli-

252 2498 295 2539 ci
336 2505 492 2537 mutuo
530 2495 687 2538 tradita
728 2508 859 2547 esset,

257 2555 375 2600 nihil
403 2555 610 2600 creditori
645 2556 770 2602 danti
787 2571 864 2615 pe-

993 403 1188 450 ponatur
1209 420 1221 437 ‚
1258 374 1331 430 {rel
1352 384 1472 437 quod
1498 383 1605 422 huie

1001 464 1079 496 aut
1112 449 1239 493 alteri
1279 447 1351 487 fini
1375 444 1605 486 inserviat.

997 515 1065 555 Ex
1097 523 1184 566 quo
1224 506 1395 562 liquide
1440 513 1569 558 patet
1598 530 1612 549 9

1001 575 1130 615 istam
1163 567 1470 613 conditionem
1512 564 1612 604 im-

1000 632 1197 690 ponendi
1216 627 1452 684 pecuniam
1479 635 1608 678 nego=

1004 692 1186 737 tiationi
1208 701 1364 731 mutuo
1385 681 1608 730 adiectam

999 755 1139 796 solam
1178 763 1268 791 esse
1294 757 1523 790 vacuam,
1562 740 1609 783 &

1002 817 1181 858 inanem
1198 821 1358 856 vocem
1373 805 1425 846 ad
1445 803 1610 858 palian-

1010 875 1112 917 dam
1145 882 1327 914 usuram
1352 896 1364 913 ‚
1386 863 1431 906 δὲ
1452 863 1611 904 fucum

1007 934 1228 989 imperitis
1265 926 1521 971 faciendum
1542 936 1614 965 ex·

1007 996 1253 1050 cogitatam
1276 1021 1286 1032 .

1062 1055 1215 1096 Tertia
1242 1082 1255 1099 ,
1283 1050 1386 1105 quia
1407 1048 1441 1089 si
1473 1043 1612 1087 trade-

1004 1134 1050 1164 re
1066 1115 1300 1174 pecuniam
1317 1109 1397 1151 sub
1416 1109 1497 1148 hac
1514 1117 1617 1147 con.

1006 1181 1179 1223 ditione
1229 1185 1326 1214 eam
1399 1169 1614 1210 nimirum

1005 1238 1301 1297 negotiationi
1323 1230 1616 1289 impendendi

1005 1303 1122 1343 hanc
1158 1299 1317 1341 miram
1350 1298 1440 1339 vim
1484 1293 1619 1335 habe-

1008 1372 1074 1403 ret
1091 1391 1102 1407 ‚
1125 1370 1330 1401 naturam
1363 1364 1618 1397 contractus

1008 1421 1182 1464 scilicet
1220 1414 1527 1461 immutandi,
1563 1422 1617 1456 ut

1014 1491 1267 1523 contractus
1287 1509 1300 1526 ‚
1322 1478 1398 1531 qui
1420 1476 1515 1517 sine
1534 1474 1619 1514 hae

1010 1541 1272 1584 conditione
1308 1538 1619 1579 initusverum

1015 1612 1224 1643 mutuum
1264 1608 1410 1646 esset;
1461 1594 1618 1635 eadem

1013 1660 1189 1709 adit-cta
1220 1657 1480 1701 conditione
1526 1652 1620 1709 jam

1013 1721 1158 1763 mutui
1204 1730 1408 1760 naturam
1445 1715 1622 1756 amitte·

1012 1793 1115 1830 ret;
1147 1781 1237 1820 Lex
1275 1777 1439 1819 Divina
1477 1774 1626 1830 prohi-

1017 1843 1124 1883 bens
1160 1837 1396 1894 pecuniam
1425 1837 1527 1878 dare
1567 1831 1623 1874 ad

1013 1912 1190 1942 usuram
1213 1895 1384 1940 inutilis
1401 1907 1531 1944 esset,
1550 1908 1626 1934 ne·

1018 1974 1106 2016 que
1134 1970 1336 2012 unquam
1377 1969 1505 1997 suum
1551 1953 1627 1995 ob·
1670 2005 1673 2008 ἱ

1021 2023 1183 2064 tinet-ct
1217 2018 1451 2060 effectum:
1473 2027 1627 2070 quan-

1022 2079 1262 2133 doquidem
1307 2090 1461 2118 omnes
1497 2087 1630 2129 pecu-

1023 2142 1145 2182 niam
1181 2138 1233 2180 ad
1258 2137 1428 2177 lucrum
1458 2135 1631 2176 traden-

1027 2212 1091 2243 tes
1119 2229 1131 2245 ‚
1149 2198 1458 2240 conditionem
1471 2192 1631 2240 adiice-

1022 2271 1122 2301 rent
1141 2289 1153 2305 ,
1174 2271 1271 2300 eam
1295 2253 1592 2312 negotiationi
1620 2282 1632 2297 ,

1021 2319 1096 2363 vel
1114 2319 1237 2361 alteri
1258 2315 1554 2359 determinato
1588 2313 1632 2354 fi-

1027 2381 1074 2422 ni
1110 2375 1546 2433 impendendi,sicut
1582 2374 1631 2415 in

1026 2436 1307 2480 censualium
1327 2435 1549 2478 creatione
1565 2433 1639 2474 fie-

1027 2499 1062 2540 ri
1079 2498 1222 2545 solet,
1251 2498 1298 2539 in
1332 2508 1419 2551 qua
1456 2492 1633 2536 Notarii

1002 2571 1005 2573 ’
1028 2559 1106 2602 has
1131 2558 1368 2615 scripturas
1400 2554 1633 2598 conficien-

917 2618 952 2663 Β
973 2629 1001 2660 2
1536 2623 1602 2656 tes
1616 2624 1642 2660 ,-·
