1889 2863
835 168 1006 224 (ες)

284 264 316 286 ,,
346 237 571 289 suspectos
631 225 688 270 de
737 226 886 272 haeresi

281 326 314 345 ‚‚
346 290 580 351 procedere
625 302 718 330 non
755 291 889 332 omit-

279 386 310 407 „
345 366 441 398 tant
458 383 469 394 .

337 418 432 458 Nec
460 409 692 454 Pontifices
709 409 883 452 Summi
935 411 1039 454 Res:

1055 237 1309 288 opepossit
1344 235 1507 293 aliquis
1542 235 1665 281 licite

1057 293 1244 336 aliorum
1279 297 1391 338 bona
1418 298 1663 355 adquirere,

1057 350 1103 395 3(
1140 366 1215 396 sua
1249 358 1424 400 facere?

1103 413 1217 469 Quia
1267 417 1350 458 hoc
1396 417 1520 463 nulla
1562 419 1662 476 lege

277 474 542 530 ampliorem
564 482 712 525 quarn>
741 472 884 529 Reges
951 482 1024 525 35.
1049 476 1242 519 naturali
1263 491 1369 525 ,nec
1384 479 1547 522 Divina
1568 494 1663 535 pro-

272 536 320 576 in
355 536 434 575 hac
456 548 502 576 re
521 541 791 587 potestatem
811 533 885 575 ha-

274 595 411 638 bent:
446 595 541 650 Qua
575 592 630 632 de
659 604 785 634 causa
822 606 885 634 ro-

272 668 404 711 gatus
435 651 567 695 Alex·
604 652 686 693 111.
721 652 774 693 ab
803 652 881 694 Ar-

269 715 556 770 chiepiscopo
607 713 881 755 Panormita-

268 788 327 816 no
349 805 360 824 ,
388 786 608 830 quatenus
657 771 877 826 dispensa-

267 837 438 877 tionem
461 833 702 876 concedere
723 832 876 890 digna..

266 907 387 938 retur
420 907 471 938 ut
503 903 648 950 posset
683 894 874 947 pecunia

265 955 360 998 dari
388 956 441 999 ad
468 967 642 996 usuram
685 951 736 992 ad
791 953 874 995 hoc

263 1027 317 1059 ut
338 1029 581 1072 pauperes,
618 1013 694 1068 qui
719 1013 765 1053 in
801 1014 874 1055 Sa-

263 1089 520 1119 racenorum
555 1084 778 1130 potestate
811 1085 874 1116 te-

263 1139 517 1184 nebantur,
557 1147 634 1190 per
683 1134 870 1176 eandem

264 1209 445 1251 possent
476 1195 714 1252 pecuniam
748 1193 871 1236 libe-

259 1259 375 1305 rari,
407 1258 473 1298 his
500 1256 644 1299 verbis
679 1267 870 1309 respon—-

260 1318 353 1365 dit,
383 1329 478 1373 quze
513 1317 560 1356 in
593 1327 693 1370 cap.
736 1329 780 1364 4.
812 1315 868 1357 de

257 1378 399 1419 usuris
421 1376 635 1434 leguntur
657 1392 667 1416 ε
688 1403 716 1423 ,,
750 1376 866 1418 Cum

259 1466 290 1484 ‚‚
324 1450 556 1479 usurarum
606 1448 775 1485 crimen
820 1447 869 1476 u-

261 1527 290 1545 „
325 1499 525 1554 triusque
608 1497 865 1539 testamenti

257 1587 288 1606 ,‚
319 1559 482 1616 pagina
506 1557 771 1605 detestetur,
800 1569 865 1598 su-

259 1646 288 1666 „
323 1632 399 1672 per
447 1618 530 1659 hoe
566 1615 865 1671 dispensatio-

260 1706 289 1724 „
322 1691 422 1718 nem
438 1678 632 1731 anquam
657 1690 779 1731 posse
792 1678 867 1719 fie-

258 1766 288 1784 ‚,
321 1738 354 1777 ri
375 1749 464 1778 non
501 1736 704 1780 videmus
725 1737 864 1794 :Quia

259 1825 289 1844 ,‚
324 1811 428 1837 curn
461 1797 682 1852 Scriptura
735 1798 862 1840 Sacra

258 1885 286 1904 „
322 1857 555 1911 prohibeat
582 1870 660 1911 pro
682 1857 862 1900 alterius

256 1945 285 1964 ‚‚
316 1917 412 1959 vita
460 1918 667 1959 mentiri:
714 1917 861 1961 multo

184 2011 187 2013 .
251 2004 285 2025 ,,
317 1979 456 2033 magis
484 1977 861 2032 prohibendusest

130 2271 225 2315 Int-

253 2064 285 2084 ,‚
317 2039 443 2092 quis,
475 2049 528 2080 ut
579 2038 716 2079 etiam
779 2050 859 2095 pro

253 2123 285 2143 ‚‚
315 2096 570 2139 redimenda
602 2098 697 2140 vita
718 2096 856 2154 capti-

255 2184 286 2204 „
315 2159 363 2199 vi
396 2170 630 2200 usurarum
669 2160 855 2201 crimine
894 2194 898 2196 .

257 2244 287 2263 ‚‚
322 2215 605 2262 involvatur·

288 2277 521 2334 Quomodo
556 2289 658 2335 ergo
694 2277 856 2320 Princi-

248 2349 325 2390 pes
362 2348 546 2390 possunt
571 2337 616 2377 in
656 2337 745 2378 suv's
793 2339 853 2380 di-

249 2397 477 2443 tionibus,
510 2396 625 2453 leges
657 2398 856 2453 prtescri-
891 2433 901 2436 ⁷.

246 2457 416 2512 ptionis
438 2457 621 2515 probare
638 2472 855 2515 ‚quarum
886 2494 896 2499 -

889 2521 984 2568 ,62

1052 534 1251 580 hibitum
1285 549 1381 582 est.
1446 537 1661 582 Possessor

1054 597 1181 638 enirn
1239 598 1363 641 bonae
1408 599 1508 644 fidei
1541 598 1660 654 juste

1051 657 1277 710 possidet,
1307 672 1405 702 suos
1434 659 1545 703 facit
1572 659 1660 701 fru-

1049 737 1072 764 c
1085 728 1154 760 tus
1172 733 1226 761 ex
1244 733 1287 760 re
1306 730 1535 775 perceptos
1554 751 1566 768 ,
1587 734 1660 762 ne-

1049 790 1138 837 que
1168 779 1267 821 illos
1289 780 1524 822 restituere
1541 789 1657 822 tene-

1051 852 1154 889 tur;
1180 840 1262 882 nisi
1286 838 1431 882 adhue
1463 842 1657 885 existant

1046 913 1150 943 curn
1171 898 1378 941 dominus
1394 901 1653 943 innotescit:

1044 959 1119 1006 vel
1152 971 1254 1001 cum
1282 959 1348 1001 his
1364 959 1498 1003 fuerit
1520 961 1655 1003 ditior

1044 1021 1249 1063 effectus:
1293 1021 1503 1075 possessio
1548 1032 1654 1079 ergo

1043 1082 1137 1122 haee
1156 1110 1168 1128 ‚
1201 1092 1298 1135 quae
1334 1082 1560 1135 possessori
1587 1084 1652 1124 ti-

1044 1142 1194 1185 tulum
1265 1137 1434 1194 justum
1486 1141 1652 1196 praebet

1041 1200 1318 1258 percipiendi
1376 1202 1548 1243 fructus
1593 1217 1649 1245 ex

1041 1276 1088 1304 re
1124 1271 1311 1316 possessa
1345 1262 1647 1317 procedentes,

1040 1322 1306 1364 continuata
1363 1334 1442 1377 per
1502 1321 1648 1376 plures

1040 1394 1179 1425 annos
1232 1390 1405 1436 potest,
1465 1379 1511 1424 St.
1558 1383 1646 1437 ipsi

1037 1440 1106 1498 jus
1136 1442 1328 1495 tribuere
1368 1441 1419 1484 ad
1478 1441 1645 1497 adqui-

1036 1502 1224 1544 rendum
1263 1502 1397 1557 ipsius
1426 1502 1489 1545 rei
1511 1503 1649 1545 domi·

1040 1564 1167 1604 nium
1192 1592 1204 1610 ‚
1238 1563 1272 1602 si
1307 1563 1351 1603 in
1387 1563 1470 1602 hoc
1498 1564 1645 1620 singu-

1040 1623 1072 1664 li
1111 1622 1425 1671 consentiant,
1454 1623 1529 1668 vel
1566 1624 1641 1666 Ie-

1038 1696 1114 1739 ges
1145 1683 1386 1737 Principis,
1420 1695 1518 1736 quae
1537 1695 1639 1726 om-

1035 1756 1112 1785 nes
1155 1742 1357 1784 subditos
1403 1741 1547 1800 ligant
1577 1746 1640 1785 sic

1034 1803 1311 1856 disponant;
1363 1805 1470 1858 quia
1514 1805 1638 1846 nulla

1033 1863 1188 1914 existit
1224 1861 1296 1904 lex
1327 1862 1538 1906 naturalis
1561 1877 1638 1909 aut

1034 1922 1186 1965 divina
1211 1954 1224 1971 ,
1262 1922 1376 1964 hanc
1418 1924 1637 1967 bonorum

1032 1982 1378 2036 adquisitionem
1411 1987 1636 2038 possessori

1032 2043 1155 2084 bonae
1192 2043 1290 2084 fidei
1331 2043 1634 2088 interdicens.

1028 2103 1229 2145 Omnino
1285 2105 1538 2158 oppositum
1586 2107 1636 2148 in

1024 2175 1156 2204 usura
1188 2164 1342 2205 evenit
1361 2194 1373 2211 ‚
1406 2165 1511 2217 quia
1529 2180 1632 2208 curn

1025 2221 1097 2265 lex
1120 2223 1272 2266 divina
1303 2226 1634 2280 praeCIpiatmu-

1025 2284 1175 2326 tuanti
1212 2294 1265 2325 ut
1294 2283 1406 2326 nihi!
1440 2287 1631 2342 exigata

1023 2344 1442 2399 mutuatario-supra
1469 2358 1631 2392 sortem

1023 2402 1174 2446 datam
1193 2437 1206 2453 ,
1240 2403 1319 2449 sed
1348 2407 1474 2448 sortis
1493 2408 1629 2462 ipsius

978 2459 983 2464 “
1021 2465 1281 2522 receptione
1301 2477 1539 2512 contentus
1557 2470 1630 2514 sit,

1582 2525 1629 2570 Sc
