1889 2863
805 141 976 194 (45)

276 208 469 257 quenrer
483 197 609 242 nulla
626 202 806 258 negotia
825 216 880 244 a-
931 206 1036 248 Res·
1099 197 1278 257 Duplex
1297 213 1320 243 a
1346 197 1587 258 Theologis
1602 213 1670 243 as*-

270 262 540 305 dinveniant
560 262 620 310 ‚in
637 262 798 314 quibus
810 275 885 317 pe·
933 272 1010 315 48.
1041 263 1242 319 signatur
1257 291 1268 309 ‚
1285 262 1476 316 primum
1497 290 1510 309 ,
1540 261 1663 316 quod

271 324 452 365 cuniam
486 323 743 377 impendere
775 335 885 377 pos-
1054 322 1307 379 periculum
1346 321 1456 363 facti
1501 322 1664 376 appel-

270 386 360 426 sint
380 413 391 430 ‚
411 382 485 424 vel
505 396 555 424 ea
579 411 590 429 ,
607 395 702 437 quae
719 383 821 439 ipsis
835 396 881 424 se
1049 382 1356 430 lant‚alterum
1372 395 1476 425 vero
1497 382 1666 436 pericu-

267 443 468 485 offerunt
493 442 596 485 talia
613 443 703 485 sint
718 472 731 491 ‚
751 453 804 485 ut
827 457 881 485 ex
1059 442 1157 484 lum
1190 440 1297 494 juris
1317 445 1336 481 ἲ

269 504 373 558 ipsis
391 504 531 559 magis
550 502 764 544 damnum
782 504 885 545 tim·
930 506 1027 551 Im.
1087 502 1208 560 Quid
1277 512 1343 546 est
1411 500 1664 558 periculum

265 574 409 611 eatur,
425 577 560 617 quam
585 562 759 605 lucrum
783 577 878 618 spe.
1050 563 1181 606 facti?

269 633 392 665 retur
410 640 423 673 ;
442 625 532 664 haec
554 623 778 680 generalis
792 636 881 666 νο-
929 627 1034 670 Res.
1097 624 1177 665 Est
1193 622 1444 678 periculum
1469 652 1482 671 ‚
1502 622 1622 678 quod
1639 635 1669 665 a

268 683 420 725 luntas
442 685 620 742 negotia
644 684 844 740 agitandi
867 714 880 732 ‚
931 703 1008 740 49.
1041 683 1263 742 qualitate
1293 685 1667 739 mutuatariipro-

263 745 409 785 necin
423 745 775 801 negotiatoribus
786 745 884 785 fun-
1049 745 1180 790 venit
1197 775 1208 793 ‚
1228 744 1304 798 qui
1323 744 1381 784 ob
1412 756 1535 785 suam
1559 745 1667 785 ino-

265 803 344 845 dat
367 803 554 845 titulum
572 804 683 845 lucri
716 818 883 846 cessan·
1051 808 1172 862 piam
1196 835 1208 853 ,
1230 805 1475 859 praestituto
1498 802 1667 859 tempo-

268 865 324 906 tis
342 865 396 906 ad
411 864 680 920 exigendum
702 865 883 906 interes·
1051 880 1098 908 re
1130 864 1369 920 pecuniam
1410 876 1569 906 mutuo
1600 878 1667 905 ac-

262 937 310 965 se
325 938 347 966 a
369 925 641 968 mutuatario
664 942 673 965 :
696 925 772 966 sed
788 938 886 980 pre-
1050 937 1233 982 ceptam
1249 923 1430 965 reddere
1445 925 1558 967 forte
1574 936 1666 966 non

269 994 336 1026 ter
357 983 471 1026 hanc
503 984 756 1043 generalem
789 999 879 1028 vo-
1055 986 1222 1042 poterit
1243 1014 1254 1032 ‚
1269 984 1338 1026 vel
1361 984 1418 1024 ob
1448 997 1573 1024 stram
1596 998 1668 1024 ne·

269 1044 497 1086 luntatem
534 1075 546 1093 ,
591 1046 834 1101 requiritur
864 1076 878 1094 ‚
1059 1046 1255 1101 quitiam
1276 1042 1425 1085 redere
1444 1045 1558 1087 forte
1591 1057 1667 1085 re-

264 1105 392 1158 quod
408 1116 511 1147 actu
528 1106 878 1161 adsitnegotium
1048 1105 1248 1152 cusabit.
1280 1106 1385 1157 quia
1422 1105 1555 1147 homo
1605 1106 1669 1146 in-

265 1164 450 1218 aliquod
467 1177 585 1207 certe
600 1164 711 1207 utile
730 1194 741 1213 ‚
756 1163 801 1207 ἃ
816 1167 881 1206 lu·
1057 1168 1196 1208 iustus
1213 1162 1273 1213 ‚St
1291 1164 1464 1206 dolosus
1481 1176 1550 1207 est

264 1227 490 1267 crativum
512 1227 588 1274 ‚in
608 1236 698 1280 quo
712 1228 881 1280 possint
931 1227 1031 1270 Im.
1095 1224 1286 1282 Quando
1339 1224 1589 1279 periculum
1627 1237 1668 1264 a·

266 1282 637 1328 &velintrevera
652 1298 774 1326 sualn
793 1301 880 1343 pe-
1053 1286 1287 1329 mittendae
1321 1286 1445 1326 sortis
1481 1298 1571 1327 non
1613 1299 1667 1326 ex

264 1345 449 1387 cuniam
488 1345 748 1400 impendere
785 1376 797 1393 ‚
834 1345 881 1388 ἃ
1051 1361 1189 1403 prava
1203 1346 1464 1387 mutuatarii
1481 1347 1670 1400 qualita-

266 1404 390 1460 quod
412 1407 624 1460 praecibus
642 1417 882 1450 mutuata-
1051 1419 1097 1451 te
1115 1406 1317 1462 procedit
1335 1436 1347 1453 .,
1377 1407 1481 1460 quia
1515 1418 1668 1450 revera

267 1465 321 1506 rii
339 1466 449 1507 victi
475 1495 487 1512 ‚
506 1467 559 1507 ab
595 1465 673 1508 illo
700 1468 882 1525 negotio
1053 1469 1124 1510 vir
1142 1467 1302 1522 probus
1322 1495 1334 1514 ‚
1349 1463 1396 1507 8<
1433 1465 1578 1521 justus
1600 1474 1668 1508 est

268 1539 313 1566 se
347 1525 693 1574 abstineant‚ut
713 1528 884 1581 possint
1050 1527 1131 1569 sed
1153 1541 1204 1568 ex
1231 1524 1324 1581 ejus
1354 1527 1504 1581 inopia
1532 1557 1543 1567 .
1578 1539 1668 1579 qua

268 1584 339 1626 iili
362 1598 522 1628 mutuo
558 1598 807 1629 succurrere
836 1586 883 1629 St
1053 1599 1254 1643 opressus
1279 1615 1291 1634 ,
1315 1587 1396 1627 etsi
1417 1587 1667 1640 praestituto

271 1645 453 1686 demum
474 1676 486 1694 ‚
506 1647 627 1701 quod
644 1647 737 1690 aliae
768 1661 886 1688 con-
1057 1645 1257 1702 tempore
1276 1657 1505 1701 acceptam
1529 1659 1668 1699 quan-

272 1704 465 1746 ditiones
509 1712 637 1761 supra
677 1709 886 1762 expositae
937 1710 940 1712 “
1057 1708 1233 1751 {itatem
1258 1707 1489 1751 restituere
1515 1705 1627 1750 velit
1654 1737 1667 1755 ‚

273 1777 564 1808 concurrant.
1058 1781 1156 1809 eam
1176 1777 1323 1808 tamen
1338 1766 1452 1808 sorte
1490 1767 1670 1810 restitu-

150 1824 247 1868 [nt.
311 1822 488 1868 Dantur
509 1839 566 1867 ne
600 1825 675 1867 alii
702 1826 848 1869 Tituli
872 1859 885 1878 ‚
1056 1841 1130 1869 ere
1148 1838 1237 1867 non
1259 1829 1440 1881 poterit,
1461 1826 1668 1870 tribuunt

276 1898 470 1939 quorum
492 1897 576 1941 ope
605 1887 742 1940 possit
773 1902 885 1929 mu-
1057 1902 1114 1930 ne
1135 1898 1242 1930 tunc
1276 1887 1503 1929 mutuanti
1520 1884 1589 1940 jus
1611 1886 1667 1928 ad

269 1956 399 1987 tuans
416 1947 499 1989 rite
531 1975 544 1994 ‚
581 1944 626 1988 St
656 1945 774 2000 juste
794 1949 884 1989 ali-
1053 1949 1139 1989 rite
1169 1947 1439 2004 exigendum
1495 1946 1669 2001 aliquid.

268 2006 382 2058 quid
402 2020 532 2061 supra
563 2017 727 2049 sortem
750 2023 774 2051 a
792 2020 889 2050 mu·
1054 2009 1169 2049 ultra
1184 2018 1352 2048 sortem
1373 2007 1547 2049 datam?

271 2067 460 2106 matario
479 2067 675 2121 exigere?
933 2068 1037 2111 Res.
1101 2067 1242 2109 Nullo
1281 2066 1416 2116 modo
1441 2096 1453 2114 ,
1484 2066 1589 2121 quia
1618 2069 1668 2109 in

144 2122 258 2166 Res·
320 2125 424 2167 Non
440 2128 568 2181 pauci
585 2126 884 2185 Theologiad-
947 2141 1024 2177 50·
1057 2127 1141 2168 hoc
1159 2140 1262 2168 casu
1276 2127 1524 2182 periculum
1540 2128 1672 2169 amit-

161 2194 244 2231 47.
281 2183 453 2228 ducunt
468 2185 644 2227 adhunc
662 2187 882 2232 effectum
1054 2186 1198 2230 tendae
1230 2189 1356 2229 sortis
1393 2197 1554 2228 mutuo
1589 2188 1667 2227 in·—

277 2244 414 2286 etiam
454 2244 699 2299 periculum
742 2249 881 2291 amit-
1053 2248 1296 2291 trinsecum
1325 2277 1338 2295 ‚
1377 2245 1423 2288 ἃ
1459 2249 1668 2290 innatum

274 2303 416 2346 tendae
457 2304 582 2347 sortis
603 2314 763 2349 mutuo
785 2317 879 2350 tra—
1051 2318 1119 2350 est
1179 2316 1392 2348 mutuum
1440 2309 1562 2348 enim
1614 2321 1668 2348 ex

275 2363 371 2405 dite
388 2366 408 2402 2
1053 2379 1132 2408 sua
1163 2379 1324 2410 natura
1342 2367 1397 2409 ad
1419 2378 1667 2422 pauperum

140 2419 247 2473 Jnt.
307 2423 568 2480 Quotuplex
585 2434 649 2468 est
668 2425 755 2468 hoe
801 2440 884 2469 sor·
1056 2425 1310 2481 &inopum
1341 2426 1545 2470 levamen
1586 2456 1599 2474 ‚
1619 2423 1668 2468 St.

271 2482 328 2528 tit
341 2484 597 2534 amittendae
609 2487 884 2543 periculumss
1048 2486 1302 2531 subsidium
1313 2488 1544 2538 ordinatur
1556 2516 1569 2534 ‚
1588 2486 1667 2540 qui

1500 2558 1604 2592 Ver&
