1889 2863
836 136 866 187 (
895 145 952 185 27
981 140 1009 193 )

288 192 577 242 madmodum
614 195 660 239 in
691 195 775 240 hoc
796 206 916 240 ser-¹

287 273 421 303 mone
443 258 628 306 abusus,
659 255 705 300 St
734 257 892 302 relaxa-

291 322 433 365 tiones
472 320 518 361 in
558 318 652 359 aliis
671 318 779 377 legis
794 333 892 375 prae-

288 381 428 437 ceptis
459 392 483 419 a
521 377 732 420 phariseis
758 379 892 421 intro-

289 442 447 482 ductas
462 451 540 480 sua
561 439 759 479 doctrina
776 449 890 481 com-

284 501 473 558 pressit,
510 499 571 539 ita
609 499 804 553 pariter,
844 497 890 541 St

280 559 563 616 compresisse
634 557 893 609 libertates,

284 633 384 676 qute
446 619 560 660 circa
621 629 891 673 praeceptum

282 686 498 722 mutuum
511 679 707 734 gratuito
723 680 892 721 traden-

280 739 360 787 di,
393 737 439 781 St
478 740 531 779 ab
568 739 711 780 usuris
747 740 889 781 absti-

284 798 422 842 nendi
440 813 462 840 a
494 797 665 852 Populo
685 810 888 852 receptae,

278 857 326 902 &
358 872 378 898 a
426 856 639 899 Phariseis
673 859 889 913 permissae

279 930 436 961 erant.
467 917 596 964 judei
636 919 756 958 enim
790 915 889 960 &si

277 978 482 1033 religiose
512 977 793 1020 abstinebant
832 979 889 1020 ab

277 1039 421 1080 usuris
449 1038 676 1094 exigendis
696 1051 749 1079 ex
782 1051 889 1079 rnu-

279 1111 360 1142 tuo
392 1100 603 1156 gentibus
644 1110 730 1139 sua:
754 1098 889 1152 ipsius

278 1158 509 1215 religionis
531 1157 635 1200 dato
653 1174 666 1207 ;
687 1167 888 1200 attamen

280 1233 336 1260 ex
356 1218 526 1259 mutuis
563 1217 678 1260 datis
708 1218 887 1265 exteris,

277 1276 326 1321 δί
367 1277 548 1321 alterius
563 1277 789 1333 religionis
812 1277 887 1318 ho-

277 1339 477 1381 minibus
497 1367 510 1386 ,
564 1337 647 1378 sibi
707 1336 886 1379 licitum

278 1399 503 1454 putabant
521 1427 533 1446 ,
562 1409 716 1439 usuras
734 1427 745 1445 ,
777 1410 887 1451 quas

278 1468 456 1514 possent
478 1458 653 1513 exigere
672 1485 684 1499 .
722 1457 815 1499 Hos
833 1471 888 1499 e-

278 1519 373 1560 nim
417 1517 598 1560 alterius
640 1517 886 1575 'religionis

278 1578 483 1619 homines
513 1590 604 1619 non
639 1587 694 1619 ut
730 1577 888 1620 fratres

278 1638 582 1692 recipiebant,
627 1633 675 1677 ἃ
719 1635 888 1693 dilige-

278 1698 406 1747 bant;
428 1697 517 1738 imo
551 1707 762 1749 tanquam
785 1711 888 1754 gen-

281 1767 348 1799 tes
384 1770 407 1797 a
438 1770 546 1800 vera
582 1756 794 1814 religione
832 1771 886 1799 a-

275 1818 515 1865 berrantes,
531 1816 576 1858 St
593 1816 685 1857 Deo
707 1826 887 1872 propter

279 1876 538 1918 Idolatriam
557 1889 702 1917 exosas
720 1905 732 1923 ‚
750 1879 884 1918 maxi-

276 1951 353 1978 me
371 1937 607 1979 horrebant
623 1965 637 1983 ,
665 1934 882 1994 &fugie-

275 1996 403 2039 bant.
418 1993 547 2039 Unde
569 2010 649 2038 nec
673 1996 776 2051 ipsis
789 2010 884 2039 esse

272 2056 490 2098 benefitia
545 2056 878 2111 impendenda,

276 2129 361 2158 nec
392 2117 527 2174 gratis
551 2127 766 2158 mutuum
784 2129 877 2159 esse

271 2174 473 2216 dandum
524 2175 874 2219 existimabant.

267 2235 360 2277 Lex
408 2235 525 2277 hanc
560 2248 791 2277 usurarum
818 2237 872 2277 ab

272 2295 434 2336 exteris
482 2296 763 2337 exactionem
787 2327 799 2345 ,
835 2293 882 2338 &

266 2351 429 2409 Populi
449 2354 622 2400 Judaici
654 2369 678 2397 a
701 2356 878 2398 Gentili

273 2416 600 2467 separationem
634 2425 742 2457 tunc
760 2427 881 2458 tem-
926 2413 1030 2458 Res.

942 2488 1022 2525 27·
1050 2478 1089 2520 ti
1119 2476 1403 2525 Auctoritate
1426 2476 1653 2523 PP.c0n-

274 2475 393 2529 poris
417 2476 720 2532 permittebat,
737 2491 794 2520 ne
808 2476 829 2523 J
838 2489 881 2519 u-

920 2173 1018 2218 Int.

1058 193 1137 240 daei
1172 191 1445 245 Gentibus,
1499 198 1663 242 amici-

1059 260 1119 303 tia
1141 289 1154 307 ,
1193 257 1350 300 faedere
1383 287 1397 306 ‚
1434 254 1481 299 &
1518 261 1664 301 socie-

1059 330 1154 362 tate
1186 319 1303 361 uniti
1341 317 1415 366 ‚in
1444 316 1664 362 Gentium

1055 379 1197 428 vitia,
1255 376 1300 420 St
1332 378 1377 419 in
1409 375 1665 423 ldolatriam

1058 440 1336 481 declinarent
1361 467 1371 478 .
1400 438 1520 484 Jesus
1539 438 1662 481 Chri-

1057 512 1149 541 stus
1190 510 1341 541 autem
1385 511 1539 540 omnes
1574 500 1663 541 ho-

1059 560 1201 607 mines
1247 558 1411 601 salvare
1449 559 1665 607 veniens,

1059 618 1182 659 hunc
1202 618 1432 660 divisionis
1448 620 1664 674 parietem

1057 679 1174 722 inter
1223 677 1451 732 Populum
1502 678 1661 725 Judai-

1057 752 1162 780 cum
1183 768 1194 787 ,
1226 735 1273 781 δι
1313 737 1542 781 Gentilem
1579 751 1664 780 su-

1055 797 1217 842 stulit.
1261 795 1432 839 Ambos
1472 797 1664 854 Populos

1056 858 1112 901 ad
1143 871 1272 900 suam
1307 858 1553 901 Ecclesiam
1574 871 1663 901 vo·-

1056 919 1178 961 cavit
1193 949 1204 966 ,
1229 918 1556 961 fraternitatem
1572 948 1584 965 ‚
1615 917 1663 960 δι

1055 978 1350 1020 dilectionem
1401 977 1457 1019 ad
1506 991 1664 1020 omnes

1054 1039 1241 1080 omnino
1272 1038 1474 1080 homines
1494 1068 1507 1085 ‚
1535 1035 1581 1079 &
1625 1038 1663 1079 si

1057 1099 1252 1156 ingratos
1279 1127 1292 1146 ‚
1339 1098 1571 1146 inimic03‚
1616 1095 1663 1139 Sc

1057 1159 1272 1202 Idolarras
1286 1156 1471 1200 extendi
1489 1158 1662 1208 docuit;

1054 1230 1194 1272 atque
1231 1217 1341 1260 adeo
1370 1217 1579 1259 omnibus
1595 1217 1663 1258 be-

1054 1279 1211 1321 neficia
1248 1277 1578 1332 impendenda,
1614 1275 1663 1320 Sc

1053 1339 1263 1382 omnibus
1302 1348 1519 1381 mutuum
1570 1350 1663 1379 esse

1054 1399 1253 1441 dandum
1283 1427 1297 1446 ‚
1344 1394 1398 1440 ἃ
1462 1397 1663 1441 dandum

1055 1457 1243 1512 quidem
1275 1469 1329 1500 eo
1357 1457 1489 1501 modo
1510 1489 1522 1507 ‚
1568 1470 1663 1511 quo

1053 1520 1222 1562 Divina
1244 1519 1333 1560 Lex
1352 1520 1559 1561 fratribus
1577 1520 1661 1560 da-

1054 1580 1091 1621 ri
1145 1579 1455 1634 praecipiebat,
1486 1579 1568 1620 hoc
1596 1588 1663 1621 est

1053 1640 1253 1698 gratuito
1289 1639 1384 1679 sine
1411 1637 1505 1681 ulla
1542 1650 1662 1679 usu·-

1055 1712 1204 1741 rarum
1240 1699 1502 1746 exactione,
1526 1696 1573 1741 &
1606 1707 1661 1741 ut

1054 1760 1148 1813 ipse
1191 1757 1385 1813 explicat
1439 1759 1661 1801 Dominus

1053 1817 1169 1861 nihil
1198 1832 1252 1860 ex
1270 1819 1363 1872 ipso
1385 1829 1546 1861 mutuo
1565 1831 1660 1873 spe-

1052 1889 1229 1931 rantes⁶
1274 1878 1365 1919 Hic
1396 1889 1462 1921 est
1498 1882 1658 1921 horum

1045 1938 1289 1981 verborum
1324 1939 1572 1985 veridicus,
1610 1935 1658 1979 St

1048 2000 1276 2054 genuinus
1294 2011 1448 2041 sensus
1461 2029 1474 2047 ,
1511 2008 1565 2040 ut
1583 2010 1658 2039 cu-

1047 2059 1264 2112 icumque
1310 2072 1402 2100 rem
1445 2059 1655 2101 conside-

1044 2119 1162 2160 ranti
1193 2117 1324 2160 facile
1362 2119 1537 2174 patebit
1559 2149 1570 2160 .

1081 2179 1236 2220 Potest
1282 2192 1340 2220 ne
1379 2179 1469 2220 haec
1509 2179 1655 2220 inter-

1040 2238 1235 2293 pretatio
1272 2235 1407 2292 hujus
1465 2239 1574 2280 texti
1608 2239 1655 2282 S.

1047 2299 1179 2339 Lucae
1210 2297 1304 2340 aliis
1317 2298 1653 2353 probationibus

1053 2357 1299 2399 confirmari
1319 2361 1340 2399 ἓ

1093 2418 1248 2460 Potest
1283 2431 1386 2460 sane
1416 2418 1653 2461 confirma-

1582 2550 1652 2580 cle
