1889 2863
121 314 224 357 Res.

142 389 164 423 7
173 389 214 422 7·

798 127 970 179 (63)

244 194 346 237 sitio
381 199 447 235 est
480 204 536 234 ne
570 190 616 232 in
651 186 868 245 Hispania

242 264 421 309 recepta
444 254 463 291 2

271 311 406 356 Certe
425 320 598 367 recepta
619 320 710 358 est,
740 307 819 351 ὃς·
807 323 872 350 m-

236 385 445 416 concusse
489 373 535 413 in
572 369 866 412 tribunalibus

240 434 533 479 observatur,
568 429 612 472 δε
649 428 867 485 praecipue

238 496 286 536 in
318 494 455 550 Regia
474 491 748 533 Cathaloniae
779 490 868 530 Au-

241 554 407 595 dientia
428 582 440 600 ,
474 553 521 593 in
549 564 636 606 qua
658 551 867 592 omnibus

237 613 408 654 casibus
436 612 767 652 occurrentibus
786 608 860 662 ju-

238 675 412 717 dicatur
440 669 566 726 juxta
601 672 759 713 harum
791 671 868 712 Le-

237 747 344 789 gum
369 744 443 773 22.
464 762 475 780 ,
508 730 552 772 &
580 743 653 780 23.
689 731 866 785 disposi-

239 795 407 834 tionem
435 823 447 840 .,
492 792 606 832 nthl
658 791 862 833 faciendo

237 864 365 908 pacta
385 883 397 900 ‚
427 849 472 894 Sc
510 852 861 900 conventiones,

234 914 398 968 quibus
439 913 754 955 contrahentes
798 913 864 954 ni-

236 985 394 1015 tuntur
416 972 491 1013 has
511 970 628 1031 leges
649 971 830 1014 eludere
848 1002 862 1014 .

234 1034 295 1074 Et
324 1034 439 1074 idem
468 1034 516 1075 in
534 1033 697 1075 caeteris
713 1034 860 1089 Regni

230 1093 550 1136 Tribunalibus
615 1094 864 1136 observabi-

236 1164 308 1194 tur
326 1183 336 1200 ‚
369 1151 498 1208 cujus
528 1154 622 1202 rei,
660 1154 861 1208 certissi-

235 1227 360 1253 mum
399 1225 714 1270 argumentum
762 1223 860 1264 est,

235 1273 355 1326 quod
378 1287 478 1315 cum
492 1273 671 1316 Carolus
687 1274 764 1318 IV.
785 1275 861 1316 Fe.

233 1333 379 1376 liciter
394 1348 608 1391 regnans,
631 1335 761 1377 initio
784 1349 858 1375 re-

232 1396 310 1450 gni
347 1396 412 1436 sui
435 1395 724 1440 declaraverit
755 1395 858 1453 legi-

234 1455 343 1497 tima
365 1456 518 1496 omnia
540 1455 687 1497 debita
714 1454 738 1498 ἐι
760 1457 861 1501 Piis-

233 1515 344 1557 simo
362 1515 518 1559 Carolo
542 1515 622 1557 111.
650 1528 829 1559 causata
846 1547 860 1566 ,

235 1588 431 1630 expresse
460 1586 726 1632 protestatus
763 1588 828 1619 est
848 1607 862 1626 ,

236 1636 357 1686 quod
396 1636 654 1679 Cessionarii
700 1637 859 1678 horum

230 1694 542 1746 Creditorum,
570 1698 606 1738 si
639 1711 695 1738 ex
729 1711 860 1741 causa

232 1767 413 1799 onerosa
459 1757 699 1799 cessionem
746 1757 860 1800 obti-

234 1816 461 1866 nuissent,
494 1831 586 1861 non
630 1818 734 1874 ipsis
775 1830 857 1873 pro

232 1874 438 1933 legitimo
481 1879 648 1922 credito
694 1879 858 1922 admit-

231 1944 425 1986 teretur,
459 1941 541 1982 nisi
580 1941 810 1995 quantitas
840 1969 854 1988 ,

230 2007 327 2048 quae
346 1996 452 2041 vei-‘e
473 2030 486 2048 ,
520 1998 567 2042 δ(
602 1999 781 2042 realiter
800 2000 855 2041 ab

231 2056 335 2109 ipsis
370 2061 588 2130 persoluta
621 2061 777 2103 fuisset
795 2057 854 2102 ad

233 2115 370 2158 talem
393 2121 632 2162 cessionem
651 2121 852 2163 obtinen-

233 2174 333 2215 dam
376 2180 668 2234 praecipiendo
705 2191 754 2222 ut
798 2181 852 2223 ab

231 2233 337 2287 ipsis
356 2250 484 2305 super
517 2241 598 2282 hac
628 2255 673 2282 re
693 2241 854 2296 recipe-

231 2305 353 2338 retur
380 2295 716 2350 juramentum,
735 2300 852 2356 ipsos

228 2348 531 2408 admonendo,
566 2359 686 2415 quod
719 2359 852 2402 debi-

228 2423 317 2454 tam
355 2431 525 2472 paenam
575 2435 662 2464 non
696 2419 852 2464 evade-

221 2485 325 2519 rent
342 2505 356 2526 ,
384 2479 420 2521 si
455 2480 505 2523 in
532 2481 600 2527 his
619 2481 787 2532 dolosi,
804 2477 853 2525 &-

919 248 1015 292 Int.

914 550 1017 653 Res]
1033 610 1203 663 liquida
1225 607 1296 658 ,ἃ
1327 608 1514 651 difficilis
1548 623 1664 652 exa-

1038 184 1328 231 Fraudulenri
1352 188 1664 242 reperirentur.

1062 249 1141 290 Est
1187 262 1243 289 ne
1269 248 1467 289 ‘licitum
1512 261 1660 290 emere

1037 309 1203 350 credita
1219 339 1229 356 ,
1253 322 1331 348 seu
1371 307 1666 366 chirographa

1038 371 1195 410 minori
1231 370 1371 423 pretio
1390 398 1401 415 ‚
1423 370 1559 424 quain
1589 381 1668 410 va*

1034 430 1131 470 lent
1149 460 1160 475 ,
1196 430 1252 469 ob
1275 428 1569 484 anticipatam
1598 438 1666 472 so-

1035 490 1252 530 lutionem
1277 491 1296 528 ⁴?

1068 549 1152 594 Vel
1179 550 1347 592 credita
1382 550 1462 591 ista
1487 558 1593 591 sunt
1607 546 1661 590 i!-

1032 670 1193 712 ctionis
1232 670 1376 711 adhuc
1420 670 1664 711 advenien-

1034 740 1079 773 te
1103 741 1300 785 tempore
1317 760 1328 778 ,
1350 742 1439 784 quo
1459 729 1573 771 solvi
1593 728 1666 771 de*

1033 792 1140 832 bent
1158 820 1169 837 ‚
1198 801 1274 832 aut
1308 801 1412 832 sunt
1440 800 1559 831 certa
1579 819 1592 836 ‚
1614 789 1664 831 li-

1029 850 1165 905 quida
1183 880 1196 897 ‚
1229 847 1274 890 &
1306 848 1448 890 facilis
1472 849 1664 892 exactio-

1029 912 1097 952 nis
1146 910 1415 952 adveniente
1454 919 1659 964 tempore

1029 971 1243 1013 solutioni
1267 971 1426 1024 prefixo
1445 972 1464 1009 ἓ
1496 969 1538 1012 Si
1574 970 1666 1024 pri·

1030 1044 1156 1073 mum
1181 1031 1352 1073 dictum
1370 1028 1460 1085 jam
1480 1040 1546 1071 est
1567 1042 1665 1071 orn-

1027 1104 1106 1134 nes
1123 1093 1224 1133 istas
1252 1092 1483 1136 cessione-s,
1506 1088 1551 1131 St
1570 1102 1663 1132 cre-

1029 1152 1223 1194 ditorum
1243 1151 1528 1194 venditiones
1550 1164 1571 1190 a
1591 1148 1659 1204 ju-

1027 1225 1071 1253 re
1111 1212 1380 1266 improbari,
1412 1208 1458 1251 8(
1488 1208 1659 1267 irritasf,

1027 1270 1074 1314 &
1119 1272 1263 1314 nullas
1294 1271 1442 1313 haberi
1466 1301 1478 1313 .
1509 1272 1550 1311 Si
1579 1285 1658 1312 se·-

1026 1333 1224 1373 cundum
1262 1361 1274 1379 ‚
1314 1331 1458 1374 omni-s
1498 1330 1656 1376 crediti

1026 1393 1268 1434 diminutio
1318 1393 1440 1433 fieret
1482 1392 1656 1434 ratione

1028 1453 1254 1495 dilationis
1287 1452 1497 1506 temporis
1526 1449 1571 1493 δί
1598 1452 1653 1494 ab

1027 1513 1250 1569 implicito
1266 1523 1423 1555 mutuo
1449 1510 1654 1566 procede-

1025 1586 1093 1616 ret
1122 1604 1133 1621 ,
1181 1572 1474 1628 supponendo
1519 1585 1657 1626 pecu·
1713 1615 1717 1617 .

1026 1637 1147 1677 niam
1183 1643 1435 1690 praesentem
1452 1662 1462 1680 ‚
1489 1629 1534 1673 8<
1559 1645 1653 1672 nu-

1027 1705 1240 1737 meratam
1283 1690 1460 1746 majoris
1493 1692 1657 1736 valoris

1026 1769 1115 1797 esse
1133 1768 1265 1810 quam
1290 1753 1614 1796 numerandam
1637 1784 1654 1803 ,

1024 1813 1071 1858 St
1086 1815 1207 1870 quod
1224 1815 1306 1856 hac
1322 1814 1375 1854 de
1391 1826 1518 1856 causa
1534 1825 1658 1869 pote.

1021 1884 1089 1917 rat
1107 1875 1296 1918 creditor
1330 1872 1503 1927 aliquid
1534 1874 1656 1918 ultra

1020 1947 1187 1978 sortem
1212 1934 1409 1976 debitam
1438 1948 1457 1974 a
1480 1948 1558 1975 suo
1581 1935 1655 1977 de-

1020 1996 1163 2038 bitore
1196 1995 1370 2053 exigere
1391 2021 1402 2040 ‚
1438 1995 1560 2048 quod
1597 1996 1653 2038 ab

1020 2056 1286 2098 Innocentio
1323 2054 1430 2100 XL,
1480 2068 1525 2094 re
1557 2068 1652 2110 pro-

1017 2116 1174 2159 batum
1210 2126 1276 2158 est
1309 2115 1356 2155 in
1390 2117 1652 2169 propositio·

1019 2191 1077 2219 ne
1113 2190 1189 2224 41.
1207 2206 1221 2224 ‚
1253 2187 1351 2229 quae
1391 2174 1460 2214 his
1505 2176 1653 2217 verbis

1018 2247 1220 2280 constat:
1243 2247 1339 2276 cum
1355 2235 1551 2290 pecunia
1572 2248 1652 2276 nn-

1014 2309 1193 2341 merata
1216 2291 1458 2352 pretiosior
1477 2296 1537 2335 sit
1566 2308 1654 2336 nu-

1018 2358 1272 2405 meranda,
1298 2353 1534 2422 nullusque
1555 2356 1615 2395 sit
1633 2385 1653 2404 ,

1014 2424 1092 2474 qut·
1133 2430 1223 2459 non
1271 2414 1466 2470 majoris
1490 2412 1660 2468 faciat:⁴

1004 2480 1253 2538 pecuniam
1314 2486 1599 2534 praesentem
1631 2505 1648 2525 ,

1441 2546 1583 2595 quam
