<?xml version="1.0" encoding="UTF-8"?>
<!DOCTYPE html PUBLIC "-//W3C//DTD XHTML 1.0 Transitional//EN"
    "http://www.w3.org/TR/xhtml1/DTD/xhtml1-transitional.dtd">
<html xmlns="http://www.w3.org/1999/xhtml" xml:lang="en" lang="en">
 <head>
  <title>
</title>
<meta http-equiv="Content-Type" content="text/html;charset=utf-8" />
  <meta name='ocr-system' content='tesseract 3.04.00' />
  <meta name='ocr-capabilities' content='ocr_page ocr_carea ocr_par ocr_line ocrx_word'/>
</head>
<body>
  <div class='ocr_page' id='page_1' title='image "./tractatusdemutuo00corruoft_0007.png"; bbox 0 0 1929 2878; ppageno 0'>
   <div class='ocr_carea' id='block_1_1' title="bbox 298 158 1402 656">
    <p class='ocr_par' dir='ltr' id='par_1_1' title="bbox 298 158 1402 656">
     <span class='ocr_line' id='line_1_1' title="bbox 298 158 1402 656; baseline 0 2222"><span class='ocrx_word' id='word_1_1' title='bbox 298 158 1402 656; x_wconf 95' lang='lat' dir='ltr'> </span> 
     </span>
    </p>
   </div>
   <div class='ocr_carea' id='block_1_2' title="bbox 515 755 1277 813">
    <p class='ocr_par' dir='ltr' id='par_1_2' title="bbox 515 755 1277 813">
     <span class='ocr_line' id='line_1_2' title="bbox 515 755 1277 813; baseline -0.001 -3"><span class='ocrx_word' id='word_1_2' title='bbox 515 755 1277 813; x_wconf 76' lang='lat' dir='ltr'><strong><em>PRAEFATJO.</em></strong></span> 
     </span>
    </p>
   </div>
   <div class='ocr_carea' id='block_1_3' title="bbox 138 913 1668 2451">
    <p class='ocr_par' dir='ltr' id='par_1_3' title="bbox 138 913 1668 2451">
     <span class='ocr_line' id='line_1_3' title="bbox 319 913 1650 973; baseline 0.005 -9"><span class='ocrx_word' id='word_1_3' title='bbox 319 916 434 968; x_wconf 83' lang='lat' dir='ltr'>Une</span> <span class='ocrx_word' id='word_1_4' title='bbox 478 915 691 965; x_wconf 79' lang='lat' dir='ltr'>brevem</span> <span class='ocrx_word' id='word_1_5' title='bbox 714 913 778 965; x_wconf 82' lang='lat' dir='ltr'>de</span> <span class='ocrx_word' id='word_1_6' title='bbox 803 914 995 967; x_wconf 90' lang='lat' dir='ltr'>Mutuo</span> <span class='ocrx_word' id='word_1_7' title='bbox 1019 953 1033 973; x_wconf 83' lang='lat'>,</span> <span class='ocrx_word' id='word_1_8' title='bbox 1079 915 1129 966; x_wconf 59' lang='grc' dir='ltr'>ὃς</span> <span class='ocrx_word' id='word_1_9' title='bbox 1155 916 1323 969; x_wconf 86' lang='lat' dir='ltr'>Usura</span> <span class='ocrx_word' id='word_1_10' title='bbox 1345 916 1650 973; x_wconf 77' lang='lat' dir='ltr'>Tractatum</span> 
     </span>
     <span class='ocr_line' id='line_1_4' title="bbox 160 913 1653 1065; baseline 0.005 -23"><span class='ocrx_word' id='word_1_11' title='bbox 160 916 184 1062; x_wconf 82' lang='grc' dir='ltr'>Ι</span> <span class='ocrx_word' id='word_1_12' title='bbox 252 913 273 1060; x_wconf 77' lang='grc' dir='ltr'>Ι</span> <span class='ocrx_word' id='word_1_13' title='bbox 338 986 647 1044; x_wconf 61' lang='lat' dir='ltr'>cotem-ravi</span> <span class='ocrx_word' id='word_1_14' title='bbox 676 1028 690 1049; x_wconf 91' lang='lat'>,</span> <span class='ocrx_word' id='word_1_15' title='bbox 733 1003 789 1041; x_wconf 91' lang='lat' dir='ltr'>ut</span> <span class='ocrx_word' id='word_1_16' title='bbox 848 990 1208 1044; x_wconf 80' lang='lat' dir='ltr'>Sacerdotibus</span> <span class='ocrx_word' id='word_1_17' title='bbox 1245 1030 1258 1051; x_wconf 91' lang='lat'>,</span> <span class='ocrx_word' id='word_1_18' title='bbox 1315 992 1407 1065; x_wconf 90' lang='lat' dir='ltr'>qui</span> <span class='ocrx_word' id='word_1_19' title='bbox 1444 994 1653 1049; x_wconf 81' lang='lat' dir='ltr'>audien-</span> 
     </span>
     <span class='ocr_line' id='line_1_5' title="bbox 140 1064 1653 1143; baseline -0.001 -18"><span class='ocrx_word' id='word_1_20' title='bbox 140 1070 216 1125; x_wconf 88' lang='lat' dir='ltr'>dis</span> <span class='ocrx_word' id='word_1_21' title='bbox 241 1069 361 1122; x_wconf 69' lang='lat' dir='ltr'>Fi-ie</span> <span class='ocrx_word' id='word_1_22' title='bbox 367 1065 435 1119; x_wconf 86' lang='lat' dir='ltr'>liu</span> <span class='ocrx_word' id='word_1_23' title='bbox 444 1087 492 1119; x_wconf 87' lang='lat' dir='ltr'>m</span> <span class='ocrx_word' id='word_1_24' title='bbox 519 1067 599 1118; x_wconf 75' lang='lat' dir='ltr'>Co</span> <span class='ocrx_word' id='word_1_25' title='bbox 608 1064 945 1120; x_wconf 67' lang='lat' dir='ltr'>ilcssionibus</span> <span class='ocrx_word' id='word_1_26' title='bbox 986 1066 1326 1130; x_wconf 88' lang='lat' dir='ltr'>incumbunt,</span> <span class='ocrx_word' id='word_1_27' title='bbox 1368 1070 1592 1143; x_wconf 78' lang='lat' dir='ltr'>praeserti</span> <span class='ocrx_word' id='word_1_28' title='bbox 1598 1090 1653 1123; x_wconf 85' lang='lat' dir='ltr'>m</span> 
     </span>
     <span class='ocr_line' id='line_1_6' title="bbox 138 1140 1652 1229; baseline 0.001 -28"><span class='ocrx_word' id='word_1_29' title='bbox 138 1146 192 1202; x_wconf 85' lang='lat' dir='ltr'>in</span> <span class='ocrx_word' id='word_1_30' title='bbox 238 1154 331 1199; x_wconf 78' lang='lat' dir='ltr'>hac</span> <span class='ocrx_word' id='word_1_31' title='bbox 364 1140 686 1196; x_wconf 72' lang='lat' dir='ltr'>Catnalonice</span> <span class='ocrx_word' id='word_1_32' title='bbox 727 1142 997 1198; x_wconf 81' lang='lat' dir='ltr'>Provincia</span> <span class='ocrx_word' id='word_1_33' title='bbox 1036 1163 1245 1229; x_wconf 83' lang='lat' dir='ltr'>possem</span> <span class='ocrx_word' id='word_1_34' title='bbox 1273 1146 1652 1221; x_wconf 84' lang='lat' dir='ltr'>aliquantulum</span> 
     </span>
     <span class='ocr_line' id='line_1_7' title="bbox 142 1220 1652 1295; baseline 0.001 -18"><span class='ocrx_word' id='word_1_35' title='bbox 142 1224 441 1294; x_wconf 83' lang='lat' dir='ltr'>adjumento</span> <span class='ocrx_word' id='word_1_36' title='bbox 465 1238 610 1274; x_wconf 86' lang='lat' dir='ltr'>esse.</span> <span class='ocrx_word' id='word_1_37' title='bbox 656 1220 892 1273; x_wconf 89' lang='lat' dir='ltr'>Conatus</span> <span class='ocrx_word' id='word_1_38' title='bbox 919 1240 1033 1276; x_wconf 89' lang='lat' dir='ltr'>sum</span> <span class='ocrx_word' id='word_1_39' title='bbox 1057 1222 1189 1276; x_wconf 88' lang='lat' dir='ltr'>hanc</span> <span class='ocrx_word' id='word_1_40' title='bbox 1218 1220 1499 1295; x_wconf 73' lang='lat' dir='ltr'>implexam</span> <span class='ocrx_word' id='word_1_41' title='bbox 1541 1244 1652 1278; x_wconf 88' lang='lat' dir='ltr'>usu-</span> 
     </span>
     <span class='ocr_line' id='line_1_8' title="bbox 139 1295 1655 1373; baseline 0 -19"><span class='ocrx_word' id='word_1_42' title='bbox 139 1318 313 1355; x_wconf 84' lang='lat' dir='ltr'>rarum</span> <span class='ocrx_word' id='word_1_43' title='bbox 351 1295 622 1351; x_wconf 80' lang='lat' dir='ltr'>materiam</span> <span class='ocrx_word' id='word_1_44' title='bbox 666 1311 1011 1367; x_wconf 85' lang='lat' dir='ltr'>pertractare,</span> <span class='ocrx_word' id='word_1_45' title='bbox 1066 1317 1125 1352; x_wconf 86' lang='lat' dir='ltr'>ea</span> <span class='ocrx_word' id='word_1_46' title='bbox 1163 1316 1266 1371; x_wconf 76' lang='lat' dir='ltr'>qua</span> <span class='ocrx_word' id='word_1_47' title='bbox 1320 1300 1470 1373; x_wconf 88' lang='lat' dir='ltr'>potui</span> <span class='ocrx_word' id='word_1_48' title='bbox 1525 1301 1655 1355; x_wconf 89' lang='lat' dir='ltr'>Soli-</span> 
     </span>
     <span class='ocr_line' id='line_1_9' title="bbox 143 1372 1656 1446; baseline 0.001 -16"><span class='ocrx_word' id='word_1_49' title='bbox 143 1376 336 1433; x_wconf 85' lang='lat' dir='ltr'>ditate,</span> <span class='ocrx_word' id='word_1_50' title='bbox 388 1372 787 1446; x_wconf 75' lang='lat' dir='ltr'>perspicuitate,</span> <span class='ocrx_word' id='word_1_51' title='bbox 851 1376 902 1428; x_wconf 69' lang='grc' dir='ltr'>ὃς</span> <span class='ocrx_word' id='word_1_52' title='bbox 946 1374 1234 1441; x_wconf 84' lang='lat' dir='ltr'>brevitate3</span> <span class='ocrx_word' id='word_1_53' title='bbox 1293 1378 1424 1433; x_wconf 81' lang='lat' dir='ltr'>nihil</span> <span class='ocrx_word' id='word_1_54' title='bbox 1479 1393 1656 1433; x_wconf 80' lang='lat' dir='ltr'>tamen</span> 
     </span>
     <span class='ocr_line' id='line_1_10' title="bbox 143 1451 1656 1525; baseline 0.001 -18"><span class='ocrx_word' id='word_1_55' title='bbox 143 1451 386 1508; x_wconf 89' lang='lat' dir='ltr'>omittens</span> <span class='ocrx_word' id='word_1_56' title='bbox 428 1469 604 1504; x_wconf 83' lang='lat' dir='ltr'>earum</span> <span class='ocrx_word' id='word_1_57' title='bbox 640 1468 846 1512; x_wconf 86' lang='lat' dir='ltr'>rerum,</span> <span class='ocrx_word' id='word_1_58' title='bbox 886 1472 997 1525; x_wconf 53' lang='lat' dir='ltr'>quse</span> <span class='ocrx_word' id='word_1_59' title='bbox 1038 1456 1100 1506; x_wconf 76' lang='lat' dir='ltr'>ad</span> <span class='ocrx_word' id='word_1_60' title='bbox 1124 1452 1527 1521; x_wconf 80' lang='lat' dir='ltr'>dignoscendam</span> <span class='ocrx_word' id='word_1_61' title='bbox 1567 1474 1656 1508; x_wconf 71' lang='lat' dir='ltr'>na-</span> 
     </span>
     <span class='ocr_line' id='line_1_11' title="bbox 142 1528 1657 1602; baseline 0.001 -19"><span class='ocrx_word' id='word_1_62' title='bbox 142 1546 310 1583; x_wconf 85' lang='lat' dir='ltr'>turam</span> <span class='ocrx_word' id='word_1_63' title='bbox 359 1544 722 1583; x_wconf 77' lang='lat' dir='ltr'>contractuum</span> <span class='ocrx_word' id='word_1_64' title='bbox 743 1528 1072 1602; x_wconf 78' lang='lat' dir='ltr'>fraequentius</span> <span class='ocrx_word' id='word_1_65' title='bbox 1111 1532 1497 1587; x_wconf 89' lang='lat' dir='ltr'>occurrentium</span> <span class='ocrx_word' id='word_1_66' title='bbox 1536 1551 1657 1587; x_wconf 82' lang='lat' dir='ltr'>con-</span> 
     </span>
     <span class='ocr_line' id='line_1_12' title="bbox 144 1603 1660 1682; baseline 0.002 -23"><span class='ocrx_word' id='word_1_67' title='bbox 144 1609 330 1659; x_wconf 78' lang='lat' dir='ltr'>ducere</span> <span class='ocrx_word' id='word_1_68' title='bbox 372 1620 623 1676; x_wconf 77' lang='lat' dir='ltr'>possunt.</span> <span class='ocrx_word' id='word_1_69' title='bbox 668 1603 812 1658; x_wconf 86' lang='lat' dir='ltr'>Licet</span> <span class='ocrx_word' id='word_1_70' title='bbox 855 1609 1111 1682; x_wconf 87' lang='lat' dir='ltr'>pluresA.</span> <span class='ocrx_word' id='word_1_71' title='bbox 1142 1609 1208 1659; x_wconf 89' lang='lat' dir='ltr'>A</span> <span class='ocrx_word' id='word_1_72' title='bbox 1231 1609 1362 1664; x_wconf 87' lang='lat' dir='ltr'>hanc</span> <span class='ocrx_word' id='word_1_73' title='bbox 1382 1628 1660 1664; x_wconf 82' lang='lat' dir='ltr'>usurarum</span> 
     </span>
     <span class='ocr_line' id='line_1_13' title="bbox 144 1680 1662 1759; baseline 0.004 -24"><span class='ocrx_word' id='word_1_74' title='bbox 144 1680 416 1736; x_wconf 74' lang='lat' dir='ltr'>materiam</span> <span class='ocrx_word' id='word_1_75' title='bbox 463 1695 871 1752; x_wconf 86' lang='lat' dir='ltr'>pertranctantes</span> <span class='ocrx_word' id='word_1_76' title='bbox 908 1699 1019 1737; x_wconf 90' lang='lat' dir='ltr'>tum</span> <span class='ocrx_word' id='word_1_77' title='bbox 1057 1683 1321 1759; x_wconf 84' lang='lat' dir='ltr'>Antiquos</span> <span class='ocrx_word' id='word_1_78' title='bbox 1345 1726 1360 1747; x_wconf 86' lang='lat'>,</span> <span class='ocrx_word' id='word_1_79' title='bbox 1403 1704 1516 1741; x_wconf 91' lang='lat' dir='ltr'>tum</span> <span class='ocrx_word' id='word_1_80' title='bbox 1565 1689 1662 1740; x_wconf 84' lang='lat' dir='ltr'>Re-</span> 
     </span>
     <span class='ocr_line' id='line_1_14' title="bbox 146 1757 1659 1831; baseline 0.003 -18"><span class='ocrx_word' id='word_1_81' title='bbox 146 1757 401 1813; x_wconf 89' lang='lat' dir='ltr'>centiores</span> <span class='ocrx_word' id='word_1_82' title='bbox 429 1772 621 1810; x_wconf 89' lang='lat' dir='ltr'>attente</span> <span class='ocrx_word' id='word_1_83' title='bbox 645 1757 992 1828; x_wconf 81' lang='lat' dir='ltr'>perlegerim,</span> <span class='ocrx_word' id='word_1_84' title='bbox 1036 1779 1228 1831; x_wconf 88' lang='lat' dir='ltr'>paucos</span> <span class='ocrx_word' id='word_1_85' title='bbox 1247 1776 1420 1818; x_wconf 87' lang='lat' dir='ltr'>tamen</span> <span class='ocrx_word' id='word_1_86' title='bbox 1456 1761 1616 1818; x_wconf 86' lang='lat' dir='ltr'>citavi</span> <span class='ocrx_word' id='word_1_87' title='bbox 1643 1802 1659 1824; x_wconf 92' lang='lat'>‚</span> 
     </span>
     <span class='ocr_line' id='line_1_15' title="bbox 147 1833 1662 1914; baseline 0.003 -25"><span class='ocrx_word' id='word_1_88' title='bbox 147 1853 241 1889; x_wconf 85' lang='lat' dir='ltr'>nec</span> <span class='ocrx_word' id='word_1_89' title='bbox 266 1833 318 1888; x_wconf 90' lang='lat' dir='ltr'>in</span> <span class='ocrx_word' id='word_1_90' title='bbox 360 1833 674 1907; x_wconf 85' lang='lat' dir='ltr'>repettendis</span> <span class='ocrx_word' id='word_1_91' title='bbox 703 1833 1041 1906; x_wconf 76' lang='lat' dir='ltr'>opinionibus</span> <span class='ocrx_word' id='word_1_92' title='bbox 1072 1856 1285 1900; x_wconf 82' lang='lat' dir='ltr'>eorum,</span> <span class='ocrx_word' id='word_1_93' title='bbox 1322 1859 1454 1914; x_wconf 75' lang='lat' dir='ltr'>quos</span> <span class='ocrx_word' id='word_1_94' title='bbox 1494 1839 1662 1895; x_wconf 78' lang='lat' dir='ltr'>Sacris</span> 
     </span>
     <span class='ocr_line' id='line_1_16' title="bbox 148 1909 1664 1994; baseline 0.005 -28"><span class='ocrx_word' id='word_1_95' title='bbox 148 1909 454 1966; x_wconf 86' lang='lat' dir='ltr'>Canonibus</span> <span class='ocrx_word' id='word_1_96' title='bbox 478 1930 667 1994; x_wconf 86' lang='lat' dir='ltr'>parum</span> <span class='ocrx_word' id='word_1_97' title='bbox 691 1927 1037 1966; x_wconf 81' lang='lat' dir='ltr'>consentanea</span> <span class='ocrx_word' id='word_1_98' title='bbox 1076 1914 1210 1969; x_wconf 84' lang='lat' dir='ltr'>hac</span> <span class='ocrx_word' id='word_1_99' title='bbox 1196 1934 1248 1969; x_wconf 81' lang='lat' dir='ltr'>in</span> <span class='ocrx_word' id='word_1_100' title='bbox 1272 1935 1328 1971; x_wconf 89' lang='lat' dir='ltr'>re</span> <span class='ocrx_word' id='word_1_101' title='bbox 1353 1920 1543 1972; x_wconf 86' lang='lat' dir='ltr'>docere</span> <span class='ocrx_word' id='word_1_102' title='bbox 1584 1935 1664 1971; x_wconf 83' lang='lat' dir='ltr'>re·</span> 
     </span>
     <span class='ocr_line' id='line_1_17' title="bbox 147 1985 1663 2061; baseline 0.006 -20"><span class='ocrx_word' id='word_1_103' title='bbox 147 1987 320 2061; x_wconf 90' lang='lat' dir='ltr'>perii,</span> <span class='ocrx_word' id='word_1_104' title='bbox 359 1985 553 2041; x_wconf 86' lang='lat' dir='ltr'>diutius</span> <span class='ocrx_word' id='word_1_105' title='bbox 579 1987 887 2049; x_wconf 83' lang='lat' dir='ltr'>immoravi,</span> <span class='ocrx_word' id='word_1_106' title='bbox 931 2006 1206 2046; x_wconf 85' lang='lat' dir='ltr'>contentus</span> <span class='ocrx_word' id='word_1_107' title='bbox 1229 1992 1505 2049; x_wconf 88' lang='lat' dir='ltr'>veritatem</span> <span class='ocrx_word' id='word_1_108' title='bbox 1542 1993 1663 2049; x_wconf 88' lang='lat' dir='ltr'>sim-</span> 
     </span>
     <span class='ocr_line' id='line_1_18' title="bbox 149 2063 1664 2144; baseline 0.005 -27"><span class='ocrx_word' id='word_1_109' title='bbox 149 2063 355 2137; x_wconf 85' lang='lat' dir='ltr'>pliciter</span> <span class='ocrx_word' id='word_1_110' title='bbox 402 2063 707 2118; x_wconf 88' lang='lat' dir='ltr'>Lectoribus</span> <span class='ocrx_word' id='word_1_111' title='bbox 754 2064 885 2119; x_wconf 88' lang='lat' dir='ltr'>meis</span> <span class='ocrx_word' id='word_1_112' title='bbox 923 2085 1255 2140; x_wconf 84' lang='lat' dir='ltr'>proponere,</span> <span class='ocrx_word' id='word_1_113' title='bbox 1319 2072 1372 2124; x_wconf 86' lang='lat'><strong>&amp;</strong></span> <span class='ocrx_word' id='word_1_114' title='bbox 1424 2075 1664 2144; x_wconf 84' lang='lat' dir='ltr'>explana·</span> 
     </span>
     <span class='ocr_line' id='line_1_19' title="bbox 150 2139 1667 2221; baseline 0.002 -25"><span class='ocrx_word' id='word_1_115' title='bbox 150 2161 205 2196; x_wconf 82' lang='lat' dir='ltr'>re</span> <span class='ocrx_word' id='word_1_116' title='bbox 233 2180 247 2201; x_wconf 78' lang='grc'>,</span> <span class='ocrx_word' id='word_1_117' title='bbox 289 2159 510 2215; x_wconf 89' lang='lat' dir='ltr'>eamque</span> <span class='ocrx_word' id='word_1_118' title='bbox 552 2139 624 2194; x_wconf 87' lang='lat' dir='ltr'>ita</span> <span class='ocrx_word' id='word_1_119' title='bbox 667 2143 974 2197; x_wconf 79' lang='lat' dir='ltr'>confirmare</span> <span class='ocrx_word' id='word_1_120' title='bbox 1012 2161 1138 2199; x_wconf 89' lang='lat' dir='ltr'>tunc</span> <span class='ocrx_word' id='word_1_121' title='bbox 1190 2147 1350 2201; x_wconf 85' lang='lat' dir='ltr'>Sacrae</span> <span class='ocrx_word' id='word_1_122' title='bbox 1393 2148 1667 2221; x_wconf 76' lang='lat' dir='ltr'>Scriptura:</span> 
     </span>
     <span class='ocr_line' id='line_1_20' title="bbox 149 2218 1668 2285; baseline 0.005 -14"><span class='ocrx_word' id='word_1_123' title='bbox 149 2218 518 2279; x_wconf 85' lang='lat' dir='ltr'>Auctoritate,</span> <span class='ocrx_word' id='word_1_124' title='bbox 565 2233 676 2271; x_wconf 89' lang='lat' dir='ltr'>tum</span> <span class='ocrx_word' id='word_1_125' title='bbox 699 2219 973 2273; x_wconf 88' lang='lat' dir='ltr'>Sacrorum</span> <span class='ocrx_word' id='word_1_126' title='bbox 1013 2221 1409 2285; x_wconf 87' lang='lat' dir='ltr'>Conciliorum,</span> <span class='ocrx_word' id='word_1_127' title='bbox 1454 2226 1668 2278; x_wconf 81' lang='lat' dir='ltr'>&amp;Sum-</span> 
     </span>
     <span class='ocr_line' id='line_1_21' title="bbox 150 2293 1666 2366; baseline 0.003 -17"><span class='ocrx_word' id='word_1_128' title='bbox 150 2313 360 2349; x_wconf 84' lang='lat' dir='ltr'>morum</span> <span class='ocrx_word' id='word_1_129' title='bbox 390 2293 698 2349; x_wconf 84' lang='lat' dir='ltr'>Pontificum</span> <span class='ocrx_word' id='word_1_130' title='bbox 741 2294 931 2366; x_wconf 85' lang='lat' dir='ltr'>apertis</span> <span class='ocrx_word' id='word_1_131' title='bbox 970 2296 1336 2354; x_wconf 89' lang='lat' dir='ltr'>Decisionibus</span> <span class='ocrx_word' id='word_1_132' title='bbox 1359 2340 1374 2362; x_wconf 93' lang='lat'>,</span> <span class='ocrx_word' id='word_1_133' title='bbox 1417 2317 1530 2356; x_wconf 89' lang='lat' dir='ltr'>tum</span> <span class='ocrx_word' id='word_1_134' title='bbox 1552 2303 1666 2355; x_wconf 80' lang='lat' dir='ltr'>San-</span> 
     </span>
     <span class='ocr_line' id='line_1_22' title="bbox 150 2372 1666 2451; baseline 0.003 -26"><span class='ocrx_word' id='word_1_135' title='bbox 150 2387 362 2425; x_wconf 85' lang='lat' dir='ltr'>ctorum</span> <span class='ocrx_word' id='word_1_136' title='bbox 440 2373 733 2426; x_wconf 87' lang='lat' dir='ltr'>Doctorum</span> <span class='ocrx_word' id='word_1_137' title='bbox 815 2372 1093 2428; x_wconf 84' lang='lat' dir='ltr'>Sententiis</span> <span class='ocrx_word' id='word_1_138' title='bbox 1143 2415 1158 2436; x_wconf 90' lang='lat'>,</span> <span class='ocrx_word' id='word_1_139' title='bbox 1233 2389 1346 2431; x_wconf 89' lang='lat' dir='ltr'>tum</span> <span class='ocrx_word' id='word_1_140' title='bbox 1438 2377 1666 2451; x_wconf 88' lang='lat' dir='ltr'>denique</span> 
     </span>
    </p>
   </div>
   <div class='ocr_carea' id='block_1_4' title="bbox 155 2445 1664 2575">
    <p class='ocr_par' dir='ltr' id='par_1_4' title="bbox 155 2445 1664 2575">
     <span class='ocr_line' id='line_1_23' title="bbox 155 2445 1664 2570; baseline 0.001 -68"><span class='ocrx_word' id='word_1_141' title='bbox 155 2445 360 2503; x_wconf 61' lang='lat' dir='ltr'>iniictis</span> <span class='ocrx_word' id='word_1_142' title='bbox 425 2446 773 2519; x_wconf 80' lang='lat' dir='ltr'>argumentiS,</span> <span class='ocrx_word' id='word_1_143' title='bbox 838 2464 916 2570; x_wconf 48' lang='grc' dir='ltr'>ελ</span> <span class='ocrx_word' id='word_1_144' title='bbox 954 2449 1033 2505; x_wconf 90' lang='lat' dir='ltr'>his</span> <span class='ocrx_word' id='word_1_145' title='bbox 1072 2450 1361 2525; x_wconf 87' lang='lat' dir='ltr'>purissimis</span> <span class='ocrx_word' id='word_1_146' title='bbox 1412 2454 1664 2510; x_wconf 84' lang='lat' dir='ltr'>Fontibus</span> 
     </span>
     <span class='ocr_line' id='line_1_24' title="bbox 929 2529 1664 2575; baseline 0.005 -4"><span class='ocrx_word' id='word_1_147' title='bbox 929 2537 961 2571; x_wconf 79' lang='lat'>2</span> <span class='ocrx_word' id='word_1_148' title='bbox 1538 2529 1664 2575; x_wconf 75' lang='lat' dir='ltr'>hau-</span> 
     </span>
    </p>
   </div>
  </div>
 </body>
</html>
