1889 2863
890 145 1135 219 <22>'

337 228 438 281 quis
462 256 473 272 ,
508 223 553 267 8<
583 224 801 267 similibus
820 239 943 280 ‚quae

333 299 436 328 sunt
478 287 662 327 materia
692 298 943 327 contractus

334 346 569 389 locationis
588 363 599 395 ;
633 346 705 387 sed
729 360 751 386 e
770 359 939 388 contra-

330 409 396 449 rio
431 420 494 447 res
518 405 591 446 ille
633 408 694 448 ita
731 419 813 446 usu
833 419 936 448 con-

333 478 597 513 sumantur,
620 478 670 508 tit
708 479 855 508 earum
887 478 933 505 u-

333 540 405 569 sus
434 528 479 566 in
516 527 703 578 ipsarum
733 537 937 566 consum-

336 588 494 641 ptione
515 613 525 631 a
556 586 629 625 vel
667 585 937 627 alienatione

328 655 571 690 consistat,
609 657 698 686 non
733 656 939 698 potestu-

326 719 398 747 sus
430 717 584 745 earum
616 704 752 746 vendi
787 719 808 746 a
846 719 939 759 pro-

327 766 522 820 prietate
555 776 819 819 separatus;
855 765 938 805 hoc

323 835 392 867 est
428 837 517 864 non
556 835 702 877 potest
728 825 815 866 fieri
847 839 937 866 una

321 883 527 927 venditio
542 884 709 930 usus‚&
731 883 814 926 alia
835 898 937 927 ven-

324 945 436 985 ditio
454 944 736 997 proprietatis
773 945 937 998 absque

324 1004 410 1045 hoc
432 1004 552 1056 quod
586 1005 741 1045 eadem
780 1017 843 1045 res
875 1006 936 1045 bis

326 1064 578 1110 bendum,
608 1064 682 1107 vel
719 1064 935 1106 bendatur

327 1125 375 1165 id
407 1123 527 1178 quod
549 1136 638 1165 non
657 1135 722 1166 est
740 1153 753 1171 ‚
774 1137 821 1165 ac
840 1137 935 1178 pro-

330 1185 437 1225 inde
487 1184 652 1238 absque
697 1184 934 1226 manifesta

328 1241 578 1292 iniustitia.

358 1304 477 1344 Huic
514 1303 672 1344 rationi
716 1316 739 1343 a
774 1303 933 1346 Cathe-

328 1363 498 1405 chismo
537 1363 812 1418 deprompta:
857 1378 933 1404 se-

327 1434 546 1477 quentem
582 1423 739 1464 addere
774 1434 934 1477 possu-

332 1481 823 1539 mus:Quandoquidem
842 1496 936 1523 mu·

330 1553 466 1592 tuans
519 1553 686 1585 certain
759 1543 934 1586 tradens

330 1604 637 1656 quantitatem
710 1613 936 1644 mutuata-

329 1664 394 1704 rio
417 1692 430 1710 ‚
464 1672 513 1704 ut
550 1676 648 1703 earn
686 1661 757 1704 vel
781 1673 934 1703 consu-

329 1734 441 1768 mat,
457 1722 528 1764 vel
552 1722 715 1763 alienet
736 1721 788 1763 ad
809 1736 932 1763 suam

330 1781 578 1823 utilitatem
602 1811 614 1829 ‚
651 1779 697 1823 ὃς
719 1781 932 1835 aequalem

328 1853 480 1895 postea
528 1841 683 1883 reddat
719 1870 732 1889 ‚
775 1842 935 1883 consti-

332 1902 424 1943 tuit
464 1913 567 1941 eum
599 1899 719 1942 illius
756 1902 935 1955 quanti-

330 1960 433 2002 tatis
470 1973 629 2003 verum
666 1961 932 2008 dominum,

328 2022 435 2074 quia
468 2031 559 2062 tarn
595 2033 686 2060 rem
708 2032 935 2063 consume-

329 2093 375 2121 re
397 2110 410 2127 ‚
447 2091 580 2132 quam
596 2080 641 2120 in
659 2079 838 2121 alterins
860 2079 935 2120 do-

331 2139 524 2180 minium
544 2168 557 2186 ,
577 2151 675 2180 eam
699 2140 931 2181 transferre

326 2199 462 2240 solius
496 2199 665 2240 domini
700 2200 815 2241 actio
836 2209 931 2248 est,

324 2271 462 2312 quam
487 2259 561 2311 qui
600 2257 798 2301 dominio
816 2257 932 2300 illius

328 2328 478 2358 carent
503 2331 711 2374 peragere
729 2331 818 2358 non
839 2331 931 2372 pos-

330 2387 462 2418 sunt.
496 2377 626 2419 Unde
665 2376 794 2419 facile
830 2389 930 2419 con-

330 2435 515 2489 spicitur
547 2450 639 2476 rem
682 2449 768 2477 esse
809 2433 931 2488 justi-

331 2498 402 2537 tiae
426 2523 438 2542 ,
471 2493 516 2536 δὲ
546 2507 664 2538 recte
702 2493 933 2537 ratlonio·

1112 224 1302 281 positam
1328 254 1340 272 ‚
1361 221 1483 279 quod
1496 234 1716 272 mutuans

1111 287 1260 343 exigat
1294 286 1496 340 praetium
1536 300 1611 340 pro
1630 302 1715 331 usu

1109 347 1202 393 rei,
1249 357 1344 398 quae
1377 342 1465 399 jam
1510 358 1586 388 sua
1621 362 1714 391 non

1103 416 1170 448 est
1210 434 1222 451 ‚
1282 402 1328 446 St
1384 404 1504 458 quod
1568 419 1717 451 mutu-

1103 465 1264 507 atarius
1298 494 1310 512 ,
1359 465 1436 518 qui
1482 474 1549 507 est
1583 479 1715 510 verus

1101 526 1167 566 rei
1189 524 1416 572 dominus,
1439 522 1486 566 8(
1509 525 1560 567 ad
1574 539 1712 580 quem

1106 583 1377 631 commoda,
1419 581 1464 625 δί
1513 586 1712 640 pericula

1054 647 1063 653 “
1110 645 1246 699 ipsius
1299 654 1541 699 expectant
1567 646 1717 691 solvat

1106 707 1309 759 praetium
1330 714 1407 759 pro
1439 715 1520 745 usu
1539 707 1599 747 rei
1619 704 1715 761 jam

1107 778 1216 807 suoe.
1254 762 1410 804 Ambae
1465 765 1657 807 rationes
1672 779 1713 808 e·

1105 825 1312 867 videnter
1341 823 1584 867 ostendunt
1616 837 1715 866 usu·

1105 898 1197 925 ram
1240 898 1425 925 omnem
1446 913 1458 932 ‚
1488 886 1582 927 sive
1606 899 1713 926 ma-

1104 957 1238 1000 gnam
1263 973 1276 989 ‚
1314 944 1408 987 sive
1431 958 1610 1000 parvam
1635 974 1648 991 ‚
1686 958 1711 988 a

1103 1015 1390 1059 quocumque
1428 1007 1631 1062 exigatur
1647 1001 1714 1057 ju·

1104 1064 1236 1106 stitiae
1260 1092 1272 1110 ‚
1304 1062 1348 1105 δι
1379 1075 1508 1107 rectae
1547 1065 1709 1107 rationi

1107 1122 1326 1166 adversari
1349 1152 1361 1165 .

1164 1185 1268 1226 Non
1286 1195 1388 1238 ergo
1397 1182 1619 1240 Theologi
1632 1182 1712 1228 Ca-

1102 1242 1260 1285 tholici
1278 1241 1546 1298 injustitiam
1567 1257 1706 1286 usurae

1099 1303 1323 1361 colligunt
1361 1317 1415 1345 ex
1473 1304 1711 1347 sterilitate

1100 1374 1300 1414 pecuntae
1317 1393 1328 1411 ‚
1342 1377 1388 1405 in
1406 1377 1536 1405 sensu
1551 1365 1595 1405 in
1619 1377 1710 1418 quo

1099 1422 1340 1465 Catholicae
1354 1423 1603 1479 Religionis
1617 1424 1711 1466 hos·

1103 1492 1149 1524 te
1178 1482 1292 1524 hanc
1325 1483 1617 1525 sterilitatem
1640 1496 1710 1525 ac-

1101 1543 1278 1597 cipiunt
1317 1556 1370 1584 ex
1418 1556 1470 1584 eo
1500 1543 1715 1591 scilicet,
1780 1553 1784 1557 ·

1101 1602 1223 1656 quod
1245 1603 1435 1657 pecunia
1454 1603 1598 1657 seipsa
1616 1616 1709 1644 non

1101 1672 1268 1703 crescat
1304 1691 1317 1709 ‚
1367 1659 1413 1703 &
1460 1672 1710 1718 augeatur;

1103 1720 1373 1775 nullumque
1393 1722 1589 1764 fructum
1613 1733 1710 1776 pro-

1103 1780 1272 1831 ducat;
1297 1781 1444 1823 sciunt
1479 1781 1598 1823 enim
1621 1781 1706 1823 hoc

1101 1853 1232 1882 sensu
1249 1871 1260 1888 ‚
1288 1839 1335 1882 81
1355 1840 1511 1884 domus
1527 1869 1539 1888 .
1571 1838 1617 1882 δί
1634 1854 1708 1882 su·

1100 1899 1347 1957 pellectilia
1369 1929 1382 1947 ,
1420 1897 1466 1942 St
1493 1913 1596 1942 vasa
1627 1915 1705 1942 ar-

1099 1971 1261 2016 gentea
1282 1990 1294 2008 ‚
1322 1957 1369 2002 ὅτ.
1401 1970 1554 2002 vestes
1572 1988 1586 2008 ‚
1602 1957 1649 2003 St
1666 1973 1708 2000 a-

1099 2020 1157 2062 lia
1194 2018 1382 2074 plurima
1410 2048 1423 2066 ,
1448 2032 1546 2073 quae
1579 2029 1702 2061 certa
1743 2044 1758 2058 s

1101 2078 1323 2126 mercede,
1346 2079 1550 2121 locantur
1564 2080 1704 2121 etiam

1105 2138 1270 2185 sterilia
1305 2151 1394 2180 esse
1418 2168 1430 2187 ‚
1462 2139 1569 2194 quia
1595 2138 1697 2180 fru-

1099 2210 1198 2240 ctus
1211 2198 1340 2240 sicuti
1359 2199 1448 2255 agri
1470 2228 1483 2246 ‚
1518 2196 1563 2240 St
1583 2197 1705 2239 arbo-

1097 2272 1164 2300 res
1193 2271 1285 2299 non
1316 2258 1582 2312 producunt.
1599 2257 1701 2299 Sci-

1097 2328 1185 2360 unt
1221 2318 1357 2360 etiam
1387 2332 1518 2360 usum
1555 2329 1702 2372 pecu-

1097 2381 1179 2419 niae
1205 2379 1351 2419 utenti
1383 2378 1542 2420 utilem
1576 2388 1664 2418 esse
1683 2394 1697 2418 :

1098 2435 1146 2479 δι
1185 2438 1372 2490 pecunia
1412 2437 1571 2494 praedia
1595 2465 1609 2483 ‚
1655 2433 1705 2478 St

1090 2495 1250 2546 domos
1277 2527 1290 2547 ‚
1313 2494 1359 2541 St
1390 2497 1589 2541 redditus
1609 2508 1703 2552 per-

1629 2568 1704 2610 1³³·
