1889 2863
861 114 1030 170 (58)

305 171 374 214 tui
394 179 659 216 convertant
681 199 694 214 .

183 225 289 276 Res.
336 231 486 275 Potest
510 233 592 274 hoc
623 247 712 275 non
750 233 846 276 raro
875 249 932 277 e-

199 294 277 334 ⁶6.
306 293 485 340 venire,
518 289 564 334 δε
593 306 743 337 revera
777 296 931 339 evenit

302 352 351 392 in
371 361 607 395 contractu
625 383 637 400 ,
668 366 800 407 quern
830 355 929 396 Mo-

299 410 475 453 lantiam
494 423 663 455 vocant
683 442 694 460 ‚
718 411 764 454 &
795 414 842 453 in
875 431 930 457 a-

299 469 373 511 liis
395 471 546 513 multis
564 473 734 513 casibus
766 486 870 514 mox
891 488 931 516 e·

187 567 190 573 ,
300 530 522 585 plicandis
541 560 552 573 .
727 527 730 531 ’

177 587 274 633 Ine.
297 590 306 599 “
332 589 450 645 Quid
468 600 533 633 est
547 601 800 634 contractus
818 594 931 634 Mo-

299 648 427 691 hatra
443 655 461 691 ‘e'

177 708 287 754 Res.
333 709 413 752 Est
450 721 704 753 contractus
754 712 800 752 in
833 723 923 767 quo

195 768 277 821 674
293 769 505 813 venditor
523 801 535 819 ,
575 784 667 812 rem
688 772 923 815 venditam

297 828 434 873 tradit
455 831 646 886 emptori
673 832 823 885 praetio
842 844 924 872 su-

293 902 453 946 premo
471 891 556 931 fide
574 890 725 932 habita
748 888 802 931 de
830 905 923 946 pre-

297 949 363 991 tio
381 979 392 997 ,
411 951 490 991 sub
513 961 642 1005 pacto
661 980 673 998 ,
691 948 736 992 δί
760 951 925 993 condi-

292 1008 423 1050 tione
461 1009 583 1064 quod
608 1009 796 1051 eandem
832 1026 924 1053 rem

297 1081 442 1110 rursus
464 1070 607 1124 pretio
626 1069 779 1112 infimo
808 1072 861 1112 ab
880 1073 924 1114 i-

291 1141 372 1185 pso
394 1132 513 1172 emet
545 1129 733 1185 pecunia
767 1143 924 1174 nume-

224 1216 228 1220 >
291 1199 387 1230 ‘cita
412 1218 423 1230 ι

172 1249 269 1294 Ine.
325 1247 405 1290 Est
432 1261 488 1290 ne
511 1246 662 1293 licitus
692 1247 766 1290 hic
804 1261 919 1298 con„

295 1317 461 1351 tractus
479 1311 498 1348 ⁴?

172 1368 278 1412 Res.
324 1367 425 1423 Non
447 1370 572 1423 pauci
589 1367 649 1412 A.
666 1365 724 1413 A.
748 1384 848 1413 eum
868 1380 921 1416 ut

188 1434 267 1473 68.
292 1426 467 1470 licitum
490 1430 801 1474 deflendebant
819 1461 829 1472 .
849 1433 918 1473 En

289 1489 506 1536 rationes,
531 1501 638 1542 quas
661 1491 714 1532 ad
738 1491 924 1545 proban-⁴

289 1547 390 1588 dam
409 1561 532 1589 suam
553 1552 822 1592 sententiam
849 1550 921 1592 ad-

290 1607 514 1649 ducebant
532 1639 541 1650 .
565 1610 759 1651 Lucrum
793 1609 915 1665 quod

289 1667 362 1707 hic
401 1679 620 1721 reportat,
658 1670 735 1723 qui
770 1683 914 1726 pecu-

289 1728 410 1768 niam
446 1729 552 1775 dat,
574 1742 626 1768 cx
668 1743 753 1771 una
788 1742 911 1785 parte

287 1786 341 1828 ab
357 1798 485 1827 usura
499 1799 562 1829 est
575 1788 792 1840 immune,
808 1792 912 1845 quia

285 1858 414 1888 usura
464 1847 610 1888 solum
665 1849 710 1888 in
762 1852 912 1892 mutui

286 1918 517 1948 contractu
555 1910 768 1962 reperitur
789 1940 799 1950 .
826 1910 912 1951 Hic

285 1964 394 2008 vcro
413 1966 590 2006 nullum
620 1978 830 2010 mutuum
855 1984 909 2012 a·-

287 2025 383 2066 dcst
400 2056 410 2072 ,
431 2025 506 2066 sed
526 2026 689 2080 duplex
712 2043 778 2069 em
789 2029 915 2084 ptio—

290 2086 356 2126 nis
381 2115 390 2132 ‚
425 2081 469 2125 Sc
500 2087 771 2129 venditionis
797 2101 913 2130 con-

287 2155 482 2186 tractus:
524 2147 686 2187 Rursus
731 2145 909 2190 lucrum

290 2204 374 2245 hoc
410 2203 605 2257 justum,
646 2204 691 2247 8(
730 2220 907 2261 aequum

286 2275 353 2305 est
382 2277 433 2305 ex
464 2264 631 2306 duobus
664 2268 912 2310 contracti-

288 2323 368 2364 bus
407 2321 532 2377 justis
568 2354 581 2373 ,
617 2323 663 2367 St
717 2326 911 2369 honestis

285 2384 524 2438 procedens
545 2388 692 2439 ,xquia
732 2385 909 2429 licitum

285 2453 351 2494 est
382 2456 544 2486 merces
574 2446 718 2501 pretio
750 2458 907 2505 supre-

971 1013 1066 1057 Int-

965 1192 1070 1236 Res.

1056 1285 1066 1296 .
1089 1253 1281 1298 invicem
1315 1252 1434 1292 uniti
1461 1281 1473 1300 ,
1505 1249 1552 1293 St
1591 1252 1716 1294 cele—

1085 1312 1250 1354 brando
1273 1314 1492 1367 primum,
1526 1312 1609 1353 sub
1641 1327 1718 1367 pa·
1763 1317 1768 1322 '

1101 187 1176 219 mo
1206 170 1427 223 vendere,
1467 172 1513 217 &
1548 174 1724 220 licitum

1099 235 1386 285 est‚easdem
1420 247 1584 277 merces
1620 251 1726 291 pre—-

1094 297 1163 339 tio
1184 296 1334 337 intimo
1354 308 1497 337 emere
1519 324 1530 336 .
1566 297 1726 339 Nihil-

1095 358 1307 398 omninus
1354 355 1480 398 lnno.
1531 356 1606 397 IX.
1655 370 1722 398 12-

1098 416 1252 458 Martii
1293 421 1421 462 1679.
1466 415 1578 456 hanc
1618 417 1724 470 opi-

1096 476 1280 517 nionem
1305 476 1578 529 improbavit
1602 474 1724 518 dam-

1095 535 1243 577 nando
1265 536 1611 590 propositionem
1646 548 1722 584 40.

1097 594 1165 634 his
1215 595 1359 637 verbis
1411 605 1674 650 conceptam
1707 623 1722 636 .

1095 652 1366 695 Contractus
1399 652 1623 696 Molmtra
1655 655 1724 695 li-

1089 714 1204 754 citus
1237 724 1302 754 est
1342 712 1481 754 etiam
1525 725 1722 771 respectu

1091 773 1280 830 ejusdem
1295 786 1520 830 personae
1537 803 1549 821 ‚
1563 786 1606 815 et
1620 787 1721 816 cum.

1086 845 1325 874 contractu
1369 833 1720 875 retrovenditio-

1087 893 1394 950 nisprctevicze
1406 893 1520 935 inito
1538 907 1636 935 cum
1654 894 1722 935 in·

1090 953 1289 997 tentione
1315 952 1426 994 lucri
1445 986 1459 1003 ,

1117 1013 1263 1070 Quare
1284 1012 1479 1054 Ecclesia
1512 1014 1714 1055 Romana

1091 1072 1203 1114 hanc
1228 1072 1575 1128 propositionem
1597 1073 1720 1116 dam-

1088 1135 1248 1175 navit?

1118 1192 1234 1251 Quia
1268 1192 1313 1233 hi
1344 1189 1430 1234 duo
1464 1200 1719 1234 contractus

1086 1383 1160 1414 cto
1178 1370 1429 1413 celebrandi
1455 1382 1606 1426 postea
1636 1385 1716 1413 se-

1084 1432 1284 1474 cundum
1312 1441 1521 1473 mutuum
1545 1442 1712 1474 usura-

1085 1493 1202 1534 rium
1249 1491 1509 1538 continent,
1544 1488 1590 1531 St
1628 1503 1714 1545 ope

1085 1552 1267 1593 istorum
1292 1559 1617 1597 contractuum,
1633 1549 1711 1603 qui

1085 1611 1321 1666 pecuniam
1387 1609 1522 1652 tradit
1592 1608 1712 1652 idem

1080 1673 1371 1723 consequitur
1400 1683 1447 1712 ac
1468 1670 1502 1710 si
1527 1667 1710 1718 directe,

1082 1729 1128 1772 δι
1152 1730 1295 1786 palam
1318 1730 1552 1788 pecuniam
1587 1729 1711 1772 daret

1082 1790 1136 1831 ad
1172 1802 1347 1836 usuram
1378 1819 1389 1830 .
1422 1789 1481 1831 Et
1519 1789 1623 1842 quia
1661 1788 1709 1829 in

1081 1849 1165 1891 hoc
1186 1848 1355 1907 duplici
1386 1849 1641 1903 emptionis,
1662 1845 1710 1889 St

1080 1908 1352 1952 venditionis
1372 1918 1604 1949 contractu
1629 1920 1708 1949 re-

1078 1970 1310 2032 periuntur
1358 1964 1434 2010 ilia
1482 1979 1708 2020 quatuor.

1080 2042 1176 2083 (111ae
1206 2038 1438 2069 eSSessUam
1462 2039 1609 2068 mutui
1641 2041 1708 2068 U-

1079 2089 1234 2130 surarii
1277 2087 1596 2130 constituunt.
1663 2101 1706 2130 t.

1079 2162 1240 2202 nempe
1285 2147 1469 2188 materia
1520 2157 1705 2189 contra-

1078 2219 1177 2249 ctus
1210 2208 1386 2254 mutui,
1407 2207 1593 2260 pecunia
1613 2208 1704 2248 sci-

1081 2267 1218 2316 licet,
1253 2267 1611 2322 quen-aditur.
1654 2279 1702 2309 2.

1079 2327 1292 2374 facultas,
1313 2339 1409 2381 quae
1431 2327 1700 2368 mutuatario

1077 2385 1207 2429 datur
1243 2385 1318 2428 illa
1350 2386 1540 2433 utendi,
1577 2384 1621 2428 ὃς
1645 2384 1700 2426 ad
1754 2384 1758 2386 ’

1074 2447 1140 2490 sui
1165 2447 1412 2497 utilitatem
1447 2450 1698 2504 expenden-

1587 2508 1634 2551 di
