1889 2863
416 188 427 206 ⁸
698 190 869 245 (⁴9)

144 256 290 298 adhuc
329 252 562 296 toleratam
582 264 596 299 3
632 261 688 294 ut
721 267 766 294 a·

146 317 204 358 lia
227 315 367 357 multa
387 316 492 356 ritus
518 312 763 354 Chinenses

146 376 477 422 concernentia,
495 374 614 428 quod
632 373 683 412 ab
701 373 768 414 his

146 435 249 477 ΛΑ.
272 436 457 476 minime
477 430 662 489 negatur
684 463 694 473 .
715 432 772 473 0-

146 498 352 551 piniones
382 505 532 536 autern
562 507 584 533 a
615 490 770 533 §aneta

147 556 258 597 Sede
276 555 418 595 solum
441 555 641 599 tolerate,
659 563 770 607 pos-

147 626 256 657 sunt
290 616 342 656 ab
377 612 477 656 AA.
503 613 772 668 impugnari,

147 674 195 718 S<
218 688 239 715 a
262 675 452 716 Summis
487 671 773 714 Pontificibus

151 734 335 778 tandem
370 733 585 789 reprobari
607 763 618 780 ‚
639 730 684 774 8<
705 746 776 773 ex-

149 809 295 850 presse
316 795 599 836 condemnari
624 824 635 841 ,
652 804 701 836 ut
721 807 775 833 e—

149 857 399 909 xperientia
423 853 697 896 demonstrat
727 854 775 893 in

152 927 220 958 tot
267 915 549 969 opinionibus
580 915 776 956 damna-

155 977 210 1017 tis
248 1004 261 1022 ‚
311 987 404 1030 qute
446 975 535 1016 aiio
573 984 775 1029 tempore

150 1036 337 1078 suerunt
376 1036 612 1090 permissae,
635 1032 681 1077 8(
714 1045 777 1077 to-

159 1097 306 1138 leratae
324 1125 335 1137 .

222 1157 288 1197 Ex
340 1155 407 1197 his
455 1155 740 1211 opinionibus
768 1185 783 1204 ,

163 1228 366 1270 quaenam
400 1217 444 1257 in
464 1217 583 1271 praxi
605 1218 729 1270 sequi
759 1230 783 1258 a

156 1276 428 1316 confessariis
462 1288 638 1330 oportet
658 1280 676 1317 3

131 1366 141 1377 .
206 1336 434 1383 Secunda,
465 1337 567 1390 quia
599 1336 633 1378 si
674 1348 783 1378 mtr-

135 1426 144 1438 .
167 1407 345 1439 tuantcs
385 1396 639 1436 hominibus
666 1398 784 1439 simi-

158 1457 211 1498 lis
231 1456 497 1499 conditionis
517 1471 538 1498 a
560 1456 785 1500 Confessa-

159 1517 226 1558 rio
251 1518 599 1571 interrogantur.
620 1517 783 1561 Utrum

156 1576 330 1620 vellent
364 1577 598 1630 pecuniam
645 1578 785 1636 'gratis

162 1637 265 1677 dare
284 1667 294 1683 ,
327 1638 359 1677 si
382 1637 643 1679 mutuatarii
663 1667 674 1685 ,
701 1639 786 1680 da·-

162 1696 218 1738 tis
237 1694 559 1745 fideiussoribus
581 1726 593 1745 ‚
612 1696 686 1739 vel
709 1699 789 1752 pi-

159 1757 372 1813 gnoribus
393 1757 508 1811 ipsos
537 1767 707 1798 securos
727 1771 788 1799 re-

161 1820 316 1859 derent
339 1817 393 1857 de
415 1830 464 1857 ea
485 1828 562 1857 suo
586 1826 789 1872 tempore

159 1875 456 1931 recuperanda
479 1904 492 1922 ‚
523 1877 673 1918 statim
710 1890 790 1919 re·-

161 1937 385 1992 spondent
406 1935 595 1977 minime
615 1935 697 1977 hoc
714 1936 792 1977 fa·-

162 2010 261 2038 cere
280 1995 448 2039 vellem
466 2025 480 2042 ‚
503 1997 609 2050 quia
630 2010 710 2054 ego
739 2009 794 2038 ex

163 2069 264 2097 mea
303 2055 492 2112 pecunia
523 2057 676 2098 vivere
708 2055 794 2098 de-

155 2117 265 2163 beo,
285 2128 377 2170 quo
399 2116 599 2168 suposito
633 2128 794 2170 super-

154 2188 408 2220 vacaneum
445 2184 512 2216 est
534 2175 702 2217 diutius
721 2188 790 2216 su-

153 2250 232 2290 per
251 2235 332 2276 hac
354 2248 398 2276 re
422 2234 671 2283 immorari,
691 2248 795 2279 cum

152 2297 202 2336 in
229 2295 311 2336 hac
341 2291 447 2336 faeti
496 2295 795 2336 circumstan-

155 2358 246 2401 tia,
297 2365 453 2395 omnes
492 2352 555 2395 A.
590 2351 649 2396 A.
684 2366 800 2396 mu-

156 2425 287 2456 tuum
309 2411 565 2455 usurarium
590 2426 799 2469 pronun-

160 2484 278 2515 trent
297 2503 311 2517 .
352 2486 397 2515 2.
447 2472 552 2526 quia
587 2474 634 2514 in
675 2473 801 2528 praxi

928 245 1076 294 cunda
1107 246 1306 292 conditio
1339 248 1391 290 ab
1419 243 1550 302 hujus

930 310 1080 354 Tituli
1113 309 1448 352 deffenssoribus
1486 321 1560 348 re-

933 373 1099 426 quisita
1118 401 1128 412 .
1149 369 1255 425 Quis
1292 371 1413 410 enim
1454 363 1564 408 adeo

937 431 1088 475 efrons
1112 432 1221 477 erit,
1257 430 1333 484 qui
1356 427 1567 484 nchtia-

943 494 1029 536 tori
1060 489 1250 545 objicere
1287 502 1433 531 coram
1480 499 1567 527 au-

942 552 1047 594 deat
1070 552 1250 593 dubiam
1273 548 1366 604 ejus
1384 579 1397 597 ‚
1419 545 1463 589 S<
1483 560 1570 600 pe-

944 613 1179 656 riculosam
1201 611 1247 652 in
1264 608 1492 654 Comertio
1513 606 1571 647 fi-

945 673 1048 715 dem
1078 703 1090 721 ,
1129 672 1203 713 cui
1248 680 1383 712 nemo
1432 667 1574 722 possit

946 734 1187 790 pecuniam
1231 741 1389 773 mutuo
1433 728 1534 769 dare
1560 742 1575 774 ;

947 795 1064 848 quin
1085 805 1130 833 se
1162 800 1357 847 exponat
1373 798 1577 831 extraor-

950 854 1119 897 dinario
1154 851 1348 907 periculo
1390 862 1487 891 eam
1523 861 1577 887 a-

945 913 1190 962 mittendi;
1227 925 1316 966 qua
1355 910 1410 951 de
1445 919 1578 950 causa

945 976 983 1017 εἰ
1006 984 1218 1015 mutuum
1247 971 1359 1015 velit
1388 969 1443 1011 ad
1484 968 1577 1007 hu-

941 1032 1016 1092 ·jus
1045 1032 1231 1090 periculi
1262 1041 1580 1086 recompensa-

955 1095 1127 1139 tionem
1151 1105 1324 1134 necesse
1339 1104 1430 1131 esse
1446 1099 1499 1130 ut
1522 1098 1584 1129 ta·

953 1155 997 1197 le
1037 1155 1212 1196 lucrum
1260 1152 1377 1193 ultra
1417 1158 1582 1190 sortem

953 1226 1187 1271 acceptam
1206 1212 1376 1256 solvere
1403 1209 1586 1264 promit·

954 1279 1045 1321 tat?
1074 1274 1182 1333 Quis
1206 1275 1316 1316 item
1335 1270 1586 1327 negotiator

958 1349 1052 1378 non
1075 1334 1208 1377 modo
1247 1334 1335 1374 haec
1358 1332 1585 1386 patienter

952 1397 1107 1439 audiet
1123 1426 1134 1444 ‚
1151 1392 1229 1436 sed
1249 1392 1294 1436 St
1317 1395 1382 1433 his
1401 1403 1586 1431 consen-

954 1460 1040 1502 tiet
1059 1486 1071 1504 ‚
1094 1454 1140 1499 δι
1156 1453 1280 1497 suam
1301 1450 1590 1496 existimatio-

953 1530 1060 1561 nem
1099 1517 1148 1557 in
1163 1515 1393 1557 Comercio
1425 1508 1586 1563 abjici-

956 1590 1006 1621 et
1025 1582 1043 1618 ἓ
1060 1577 1148 1633 Qui
1168 1576 1258 1618 haec
1277 1575 1358 1616 sibi
1388 1573 1585 1628 fingunt,

954 1640 1050 1682 imo
1069 1667 1080 1684 ‚
1100 1635 1145 1679 ὅ(
1163 1636 1334 1691 scriptis
1348 1632 1588 1677 venditant

956 1710 1134 1742 necesse
1155 1708 1221 1738 est
1243 1726 1254 1743 ‚
1274 1695 1397 1749 quod
1416 1692 1462 1735 8<
1479 1703 1588 1731 mer-

958 1769 1158 1802 caturam
1178 1788 1190 1805 ,
1213 1754 1259 1799 ἃ
1293 1764 1588 1796 mercatorum

956 1818 1160 1862 indolem
1212 1828 1384 1872 prorsus
1418 1815 1587 1870 ingno-

955 1890 1063 1921 rent
1085 1907 1096 1918 .
1130 1877 1327 1918 nemum
1356 1872 1587 1927 Hispani&-

958 1939 1082 1995 leges
1108 1949 1240 1977 usum
1277 1932 1405 1981 huius
1442 1931 1588 1973 Tituli

962 1997 1010 2042 ἃ
1030 1998 1244 2039 similium
1269 1995 1508 2051 prohibent
1537 2005 1590 2032 ex

961 2059 1055 2116 leg.
1077 2065 1148 2103 ις.
1170 2071 1210 2098 c.
1231 2072 1278 2098 n.
1298 2061 1369 2096 18.
1391 2052 1591 2096 transcri-

963 2131 1072 2176 pta.
1106 2115 1340 2172 Explicato
1374 2111 1464 2168 jam
1493 2113 1589 2166 pri—

963 2192 1042 2224 mo
1072 2176 1267 2233 periculo
1295 2176 1420 2221 sortis
1449 2172 1590 2214 amit—

968 2237 1116 2282 tendae
1162 2237 1286 2292 quod
1338 2232 1588 2291 periculum

967 2296 1071 2340 faeci
1094 2298 1329 2340 nominant
1346 2327 1360 2346 ,
1382 2293 1436 2336 ad
1458 2291 1592 2346 expli-

971 2357 1200 2401 cationem
1258 2353 1590 2413 progrediamur

968 2418 1149 2462 alterius
1169 2417 1369 2471 periculi,
1387 2413 1508 2468 quoi
1523 2424 1593 2465 pe-

975 2476 1165 2520 riculum
1181 2475 1288 2531 juris
1310 2477 1468 2517 dicunt
1493 2502 1504 2513 .

156 2544 401 2592 nunquam
427 2531 706 2591 adimpletur
727 2545 804 2578 se-
855 2531 955 2582 lat.
1020 2536 1233 2598 Quidest
1277 2549 1382 2597 ergo
1413 2532 1599 2589 pericu-

983 2596 1028 2640 D
1433 2590 1531 2633 lum
