1889 2863
813 162 981 220 (29)

261 243 330 275 xes
363 240 518 272 uxores
554 227 688 272 simul
722 225 866 269 habe-

265 305 338 339 re,
371 288 416 332 8<
441 290 722 332 matrimonia
759 300 864 329 cum

263 352 368 410 ipsis
425 359 650 392 contracta
695 349 743 390 in
775 349 866 391 ali-

264 409 428 465 quibus
456 409 651 458 casibus,
686 407 864 452 datoli-

261 469 382 512 bello
416 468 615 523 repudii,
647 466 867 511 dissolve-

207 536 210 540 ’
259 543 338 576 re,
358 541 455 582 quae
475 527 628 570 omnia
675 529 782 585 Legi
799 541 871 570 na-

264 588 397 632 turali
460 588 767 635 matrimonii,
819 598 876 631 ut

262 648 465 699 Christus
484 650 576 704 ipse
599 659 786 691 testatus
808 657 873 692 est

259 708 394 765 plane
429 708 747 751 adversantur.
770 708 869 765 Qua

262 769 317 809 de
347 781 476 809 causa
499 770 546 810 in
578 779 873 823 praesentista-

263 839 316 871 tu
347 829 557 870 omnibus
591 829 869 878 hominibus,

263 886 311 931 St
345 888 596 944 prohibita,
633 886 678 931 8<
707 888 869 932 micita

261 959 367 991 sunt
387 948 670 1003 minimeque
692 949 869 1003 permiS·

262 1021 307 1051 sa
335 1039 346 1050 .
380 1009 484 1051 Non
512 1020 616 1063 ergo
636 1009 779 1050 mirari
800 1008 869 1050 de-

261 1068 450 1115 bemus,
490 1068 614 1123 quod
672 1066 717 1110 ἃ
767 1069 872 1122 ipsis

261 1129 515 1184 permiserit
549 1141 699 1170 usuras
728 1130 874 1184 exige-

258 1202 308 1232 re
345 1202 398 1230 ex
431 1190 602 1231 mutuis
625 1190 782 1230 exteri⁸
801 1189 873 1230 ho-

262 1249 463 1291 minibus
499 1245 639 1297 datis,
670 1246 775 1291 licet
793 1279 805 1296 ,
826 1246 872 1291 &

262 1307 348 1351 hoc
380 1309 438 1351 sit
491 1319 643 1351 contra
685 1319 874 1351 natura-

262 1367 354 1410 lem
389 1368 532 1426 legem
563 1369 713 1410 mutui
737 1378 870 1423 ‚pro—

263 1428 461 1482 indeque
494 1429 702 1470 omnibus
719 1428 870 1470 homi-

262 1487 394 1530 nibus
429 1489 476 1529 in
511 1489 711 1544 praesenti
749 1500 871 1531 statu

262 1546 540 1604 prohibitum
560 1578 572 1595 ‚
607 1560 754 1603 neque
770 1563 874 1605 sper-

263 1607 450 1648 missum
476 1638 488 1650 .
535 1608 718 1650 Sanctus
754 1610 873 1649 Am·-

915 465 1010 509 Int.

919 1543 1022 1588 Res.

939 1620 1018 1656 29.

265 1663 436 1707 brosius
471 1667 698 1722 explicat,
752 1680 873 1722 quo-
920 1704 923 1706 .

268 1726 400 1768 modo
420 1726 502 1770 hoc
524 1742 546 1769 a
567 1727 659 1769 Deo
682 1728 873 1770 Haebreis

265 1786 451 1828 concedi
485 1789 659 1841 potuit.
688 1789 874 1832 Sanctus

265 1856 370 1891 vero
403 1846 600 1889 Thomas
647 1861 691 1889 2.
740 1861 783 1889 2.
825 1863 871 1903 q.

268 1911 344 1955 78.
381 1917 462 1947 art.
489 1921 528 1948 ι.
570 1907 622 1947 ad
663 1920 707 1949 2.
733 1906 875 1950 decia-

265 1976 335 2008 rat
352 1965 396 2005 in
410 1978 501 2021 quo
524 1979 654 2008 sensu
676 1969 766 2009 haec
784 1982 874 2025 per-

267 2026 420 2067 missio
469 2027 723 2081 accipienda
778 2031 836 2071 sit
860 2059 873 2073 .

267 2081 354 2125 Sed
384 2098 767 2141 supervacaneum
793 2086 875 2136 iu-

271 2142 471 2186 dicamus
498 2147 544 2187 in
563 2145 644 2188 hac
677 2151 878 2201 quaestio-

269 2216 328 2244 ne
363 2205 638 2248 enucleanda
703 2208 874 2251 diutius

269 2261 492 2306 immorari
510 2295 522 2312 ‚
561 2278 663 2306 cum
717 2280 873 2320 parum

271 2323 398 2363 nobis
414 2324 589 2366 intersit
600 2326 710 2367 seire
732 2356 743 2373 ,
763 2327 874 2380 quid

270 2383 505 2435 potuerfnt
528 2383 671 2427 facere
692 2387 872 2440 antiqui

270 2440 470 2493 Hcebrei;
505 2443 563 2484 Et
573 2444 717 2486 solum
734 2476 746 2493 ,
764 2446 874 2501 quid

272 2498 416 2545 facere
453 2503 624 2560 possint
665 2503 741 2552 vel
781 2516 873 2552 non

1033 222 1204 281 possint
1243 231 1364 265 nune
1398 219 1641 266 ehrIstiani

1033 286 1087 327 ad
1125 296 1316 338 quorum
1371 280 1643 327 instructio..

1031 356 1136 387 nem
1166 345 1255 385 haec
1290 343 1534 390 scribimus,
1554 352 1642 383 no·-

1032 416 1176 449 strum
1201 405 1258 446 sit
1285 406 1454 460 aperire
1475 434 1487 446 .

1094 465 1136 507 Si
1181 462 1382 506 Christus
1426 460 1646 510 Dominus

1037 525 1085 568 in
1132 524 1213 565 hoc
1265 524 1308 565 S.
1345 525 1474 565 Lucae
1528 539 1647 570 testu

1039 585 1250 626 omnibus
1311 596 1648 642 quamcumque

1042 657 1221 686 usuram
1267 646 1444 701 exigere
1490 648 1649 702 prohi-

1041 705 1139 746 buit
1159 734 1171 751 ‚
1210 706 1282 744 ve!
1329 705 1478 760 potius
1501 707 1649 763 legem

1042 763 1292 807 naturalem
1329 768 1650 808 mumiosten-

1041 823 1111 866 dit
1132 836 1344 870 ‚omnem
1386 837 1650 879 quamcum-

1037 897 1126 938 que
1143 895 1317 925 usuram
1334 885 1646 936 damnantem,

1038 957 1177 998 quare
1209 945 1450 991 Math.25.
1474 944 1649 989 Saue.

1045 1017 1115 1051 19.
1155 1017 1332 1046 servum
1357 1006 1533 1063 pigrum
1558 1006 1653 1048 cul-

1041 1065 1203 1119 pavit,
1248 1065 1370 1118 quod
1410 1068 1652 1120 pecuniam

1043 1136 1134 1167 non
1157 1122 1348 1167 dedisset
1370 1127 1650 1175 numulariis,

1042 1196 1096 1227 ut
1119 1199 1221 1227 cum
1262 1186 1402 1226 usuris
1442 1198 1591 1241 postea
1609 1187 1654 1228 i·-

1049 1259 1131 1300 pse
1148 1258 1244 1286 eam
1264 1248 1518 1300 recepisset:
1535 1248 1654 1289 Non-

1043 1319 1101 1346 ne
1133 1304 1316 1348 videtu·-
1331 1307 1656 1349 hisverbisDo-

1043 1366 1216 1406 minum
1242 1367 1480 1421 approbare
1503 1398 1514 1414 ‚
1532 1366 1656 1421 quod

1048 1426 1242 1482 pecunia
1292 1425 1422 1469 detur
1458 1427 1512 1469 ad
1544 1439 1654 1469 usu-

1043 1500 1136 1528 ram
1158 1488 1176 1525 ’ἒ

1103 1547 1298 1587 Minime
1322 1577 1334 1594 ‚
1356 1548 1459 1602 quia
1481 1577 1492 1596 ‚
1530 1547 1653 1601 quod

1061 1605 1133 1646 hic
1200 1604 1399 1660 loquitur
1450 1607 1656 1650 Christus

1042 1665 1260 1707 Dominus
1296 1679 1402 1722 pura
1449 1668 1656 1722 parabola

1048 1736 1141 1772 est,
1173 1739 1259 1778 qua
1293 1728 1517 1782 proposita
1534 1729 1658 1770 simi-

1045 1784 1239 1828 litudine
1262 1786 1616 1829 numulariorum
1641 1819 1654 1838 ‚

1043 1843 1090 1887 &
1123 1847 1430 1900 trapezitarum
1453 1848 1655 1891 fortunas

1043 1918 1139 1947 suas
1184 1907 1344 1948 faenore
1388 1908 1654 1962 amplificare

1043 1967 1302 2007 curantium
1332 1996 1344 2014 ‚
1384 1978 1467 2009 nos
1507 1971 1656 2013 voluit

1046 2038 1281 2081 provocare
1331 2027 1385 2068 ad
1433 2040 1655 2083 augmen-

1046 2096 1145 2127 tum
1182 2086 1364 2128 virtutis
1389 2116 1400 2133 ,
1435 2100 1526 2130 non
1562 2101 1655 2143 pro-

1049 2145 1196 2188 bando
1249 2146 1538 2199 iniquitatem
1571 2150 1655 2189 fae-

1046 2206 1164 2248 noris
1187 2235 1199 2252 ‚
1230 2256 1233 2259 V
1253 2205 1327 2246 sed
1368 2218 1443 2247 nos
1464 2208 1659 2250 invitan-

1047 2265 1104 2307 do
1145 2264 1199 2306 ad
1243 2266 1540 2319 spiritualium
1580 2280 1654 2310 ta.-

1043 2324 1268 2366 lentorum
1320 2339 1615 2382 augmentum
1645 2359 1657 2371 .

1048 2386 1209 2439 Neque
1252 2386 1373 2426 enim
1430 2386 1649 2428 ubicum-

1046 2457 1135 2498 que
1163 2443 1292 2486 datur
1319 2444 1567 2488 similitudo
1606 2449 1653 2488 in

1049 2504 1282 2562 Scripturis
1332 2504 1540 2551 laudatur
1575 2508 1652 2550 iila

1566 2580 1632 2610 1⁴33
