1889 2863
913 156 1082 209 (36)

367 217 414 261 St
453 218 574 273 quod
614 216 728 259 nihil
786 217 974 258 omnino

365 279 476 322 lucri
527 278 746 333 percipiat
798 277 973 318 ratione

363 341 546 387 mutui;
585 338 668 379 hoc
695 346 761 377 est
799 337 974 378 ratione

357 398 562 441 beneficii
585 428 596 446 ,
635 395 754 451 quod
785 405 973 438 mutua-

363 460 474 500 tario
502 468 709 499 mutuum
765 454 831 496 illi
877 467 972 499 tra-

363 518 508 559 dendo
538 516 789 572 impendit,
819 512 866 555 3(
895 529 971 558 ra-

364 578 486 622 tione
507 590 609 618 usus
637 578 697 618 rei
723 585 880 616 mutuo
902 576 971 617 da-

362 646 449 686 ne,
485 635 530 677 ἃ
568 634 815 682 utilitatis,
873 649 970 690 quae

359 712 414 738 ex
453 697 535 738 hoe
567 709 652 737 usu
692 696 968 751 reportavit:

358 755 612 811 Principes,
649 757 726 809 qui
758 765 838 796 suo
879 756 971 799 alto

357 816 560 860 dominio
594 816 767 859 vellent
787 814 932 857 facere
953 846 967 864 ,

357 877 479 929 quod
507 877 800 919 mutuatarius
839 886 967 917 tran-

358 937 515 978 sferret
532 938 578 978 in
595 946 881 978 mutuantem
896 935 967 977 do—

357 997 552 1037 minium
571 995 678 1036 lucri
701 1026 713 1044 ‚
734 1008 862 1051 supra
883 1009 966 1037 sor-

357 1065 449 1098 tem
501 1068 728 1110 acceptam
766 1056 964 1110 promissi

361 1129 516 1159 contra
568 1116 713 1172 legem
765 1115 963 1157 divinam

357 1176 442 1220 hoc
495 1176 584 1217 fieri
648 1175 963 1230 prohibentem

361 1236 598 1279 manifeste
624 1236 740 1278 irent
765 1265 775 1276 .
808 1235 966 1277 Conse-

356 1308 640 1352 quenterque
660 1296 824 1349 absque
852 1307 965 1349 pec-

358 1368 459 1399 cato
484 1358 574 1397 haec
605 1356 861 1411 Principum
880 1354 969 1410 pla-

360 1418 450 1459 cita
485 1417 705 1458 observari
744 1425 833 1455 non
871 1427 967 1469 pos-

360 1489 460 1519 sent
482 1507 493 1525 ,
518 1489 570 1518 eo
593 1474 725 1517 modo
743 1505 757 1522 ,
773 1487 861 1529 quo
877 1475 966 1516 ob·-

357 1537 519 1581 servari
548 1537 786 1589 nequirent
818 1535 967 1590 leges,

357 1598 518 1652 quibus
575 1596 735 1647 anquis
789 1595 966 1636 Princi-

357 1670 468 1711 pum
507 1657 562 1697 ob
598 1654 738 1710 majus
770 1654 966 1696 subdito-

357 1729 458 1757 rum
501 1717 698 1763 bonum,
732 1715 854 1768 quod
882 1714 962 1754 sibi

356 1776 625 1835 imaginaret
658 1805 671 1822 ,
712 1774 964 1816 intenderet

357 1849 436 1877 suo
492 1836 610 1884 alto,
655 1833 700 1875 &
754 1847 966 1902 supremo

364 1895 563 1938 dominio
595 1895 776 1950 probare
813 1894 857 1934 in
889 1906 969 1935 sua

359 1957 558 2002 ditione,
577 1955 727 2002 furta,
765 1952 968 2001 fraudes,

362 2014 425 2075 ini
433 2016 631 2062 ‘rstitias,
675 2012 721 2055 St
751 2012 969 2055 bonorum

357 2061 710 2132 praescriptiones
753 2074 804 2115 vi
844 2072 971 2113 malae

359 2135 456 2178 fidei
496 2134 796 2188 possessionis,
820 2143 970 2175 trans-

359 2195 543 2237 serendo
575 2205 656 2234 suo
697 2191 789 2234 alto
818 2191 969 2233 domi-

357 2258 434 2296 nio
488 2267 552 2294 res
605 2253 724 2295 furto
770 2251 968 2298 ablatas,

359 2312 434 2356 vel
470 2312 704 2354 fraudibus
726 2342 739 2360 ,
769 2311 872 2352 dolo
893 2308 967 2358 ‚&

358 2372 561 2425 nequitia
584 2371 833 2425 adquisitas
854 2383 876 2410 a
899 2369 969 2410 do·
1003 2387 1014 2391 -

360 2432 503 2473 minio
519 2433 723 2486 ⁴priorum
758 2430 971 2471 domino-—

360 2502 459 2533 rum
483 2491 531 2532 in
565 2490 823 2534 dominium
840 2486 974 2537 latro-

1143 226 1251 256 num
1270 244 1282 263 ,
1302 209 1628 269 &injustorum
1651 227 1747 272 pos.

1147 287 1392 325 sessorum;
1431 276 1534 328 quia
1577 275 1640 316 hae
1671 277 1745 318 le·-

1141 349 1218 394 ges
1239 335 1393 377 flerent
1428 345 1580 377 contra
1612 337 1748 390 septi·

1143 409 1270 437 mum
1319 395 1531 451 Decalogi
1574 395 1746 438 Praece-

1141 467 1302 513 ptum:
1334 455 1442 497 Non
1468 456 1646 510 furtum
1656 453 1748 509 fa—

1140 516 1227 557 cies
1247 532 1261 565 ;
1300 515 1417 557 furta
1441 545 1454 563 ,
1476 515 1677 563 fraudes,
1703 527 1750 556 u·

1139 589 1256 617 suras
1277 604 1290 623 ‚
1323 572 1369 616 &
1402 588 1574 618 caeteras
1622 573 1749 624 iniu-

1140 636 1283 677 stitias
1332 636 1538 676 omnibus
1589 635 1750 690 prohi-

1145 697 1286 744 bens3
1348 697 1471 748 quod
1529 696 1748 737 Divinum

1143 766 1408 810 preceptum
1441 769 1597 797 omnes
1610 756 1760 797 obser--

1137 829 1243 859 vare
1275 815 1444 857 debent
1483 816 1564 857 etsi
1615 813 1750 857 Prin-

1136 876 1255 931 cipes
1278 905 1290 923 ,
1321 871 1366 916 St
1392 875 1532 932 Reges
1559 877 1654 918 sint
1673 903 1687 917 .

1202 935 1374 978 Veritas
1394 948 1495 991 ergo
1518 935 1615 976 fidei
1655 944 1749 985 est,

1136 998 1184 1039 in
1201 995 1405 1036 Concilio
1418 995 1752 1050 generalivien-

1137 1057 1261 1097 nensi
1282 1084 1294 1102 ,
1319 1050 1364 1095 St
1383 1055 1487 1096 alibi
1509 1053 1749 1103 deffinita,

1135 1114 1257 1170 quod
1293 1115 1392 1154 dare
1429 1114 1662 1168 pecuniam
1693 1115 1752 1157 ad-

1135 1188 1313 1216 usuram
1349 1202 1361 1220 ,
1384 1174 1466 1214 hoc
1490 1186 1555 1215 est
1573 1174 1749 1231 exigere

1136 1236 1308 1276 lucrum
1332 1232 1513 1288 aliquod
1534 1248 1586 1275 ex
1604 1239 1747 1288 pecu-

1134 1296 1209 1336 nia
1234 1304 1391 1336 mutuo
1423 1293 1523 1336 data
1545 1324 1557 1342 ,
1597 1307 1665 1334 res
1682 1304 1750 1338 est

1136 1366 1293 1397 natura
1344 1367 1422 1395 sua
1489 1351 1605 1395 mala
1650 1382 1662 1397 2
1702 1352 1748 1396 St

1138 1412 1438 1460 detestabilis,
1480 1414 1525 1454 in
1555 1425 1749 1466 utraque

1138 1486 1255 1516 sacra
1290 1475 1449 1530 pagina
1484 1487 1506 1514 a
1538 1473 1632 1514 Deo
1664 1474 1748 1514 da-

1137 1545 1325 1581 mnata,
1357 1545 1453 1586 quae
1504 1547 1526 1574 a
1567 1534 1751 1576 nemine

1136 1594 1300 1647 absque
1346 1604 1530 1646 peccato
1567 1592 1749 1636 admitti

1137 1665 1284 1709 potest
1300 1655 1395 1701 ,etsi
1416 1653 1469 1694 ad
1487 1653 1570 1692 hoc
1586 1653 1750 1707 princi—

1132 1713 1197 1768 pis
1218 1725 1478 1754 consensum
1509 1713 1754 1760 obtineret,

1132 1772 1238 1828 Quae
1261 1772 1549 1828 propositio,
1566 1768 1612 1812 St
1641 1772 1756 1814 veri-

1139 1843 1201 1874 tas
1221 1834 1275 1873 ad
1310 1831 1441 1872 fidem
1479 1841 1719 1886 expectans
1737 1860 1753 1880 ,

1137 1893 1192 1932 ab
1243 1892 1449 1933 omnibus
1505 1889 1752 1992 Catholicigg

1134 1950 1410 2004 fuitscmper
1453 1961 1629 2006 recepta
1669 1981 1682 1998 ,

1138 2012 1381 2065 praesertim
1422 2023 1446 2050 a
1468 2010 1625 2052 nostris
1658 1946 1759 2051 Ca&-

1139 2070 1317 2112 tholicis
1334 2059 1652 2124 Hispaniarum
1669 2071 1754 2112 Re-

1137 2130 1297 2187 gibus,
1313 2139 1365 2170 ut
1383 2129 1620 2185 exlegibus
1646 2143 1683 2169 1·
1705 2142 1753 2178 2,

1135 2204 1181 2237 4.
1196 2198 1239 2235 5.
1254 2189 1330 2229 lib·
1347 2194 1391 2230 8.
1405 2190 1480 2232 tit.
1496 2195 1537 2230 6.
1554 2199 1669 2231 nove
1691 2189 1755 2231 le·
1817 2225 1820 2235 .

1137 2262 1247 2306 gum
1277 2247 1568 2291 Collectionis
1609 2250 1750 2302 ,iqua

1136 2311 1186 2350 in
1205 2307 1324 2350 calce
1364 2305 1496 2361 hujus
1537 2318 1748 2350 tractatus

1139 2367 1320 2420 adjectae
1355 2379 1460 2409 sunt
1518 2367 1772 2422 perspicue·

1139 2438 1315 2470 constat
1338 2457 1349 2468 .
1372 2427 1424 2468 ln
1444 2427 1511 2468 his
1531 2427 1648 2468 enirn
1673 2425 1748 2465 le-

1136 2486 1266 2549 gibus
1307 2486 1533 2533 Catholici
1566 2485 1710 2546 Reges
1738 2514 1752 2536 ,

1642 2555 1735 2589 non

1819 2382 1851 2452 ‚3

1835 2459 1852 2578 3

1840 2588 1851 2613 ‚¹

1845 2250 1849 2263 τ

1834 2270 1849 2298 sl
