1889 2863
101 227 203 274 Res.

119 299 195 335 62.

770 110 942 163 (57)

224 168 350 215 alteri
383 169 519 214 tradit
535 170 555 209 2

250 230 328 274 Est
361 241 534 285 semper
551 222 703 270 usurae'
719 239 815 270 reus
828 259 843 278 .

219 289 398 346 quando
419 290 594 332 lucrum
612 301 665 329 ex
682 300 844 333 mutuo

219 351 442 408 percipit.
479 350 532 390 ab
566 349 649 390 hoc
692 358 844 391 tamen

219 410 384 452 delicto
412 408 629 450 immunis
669 410 751 451 erit
775 438 788 456 ,
807 411 844 452 si

216 471 456 526 pecuniam
480 468 690 510 traditam
711 468 845 510 collo-

217 540 291 572 cet
330 530 376 572 in
415 527 513 569 aliis
543 529 846 571 contractibus

220 586 245 632 ὲ
266 588 411 632 mutui
443 597 677 630 contractu
706 587 848 632 diver-

220 651 275 694 sis
297 679 310 697 ‚
338 659 391 691 ut
410 647 618 690 ssenedic.
642 647 761 691 xlv.
800 650 846 690 in

218 712 358 753 citata
385 707 626 762 Encyelica
652 710 729 751 vix
754 722 848 762 per·

218 770 352 815 venit
377 780 507 809 num.
546 781 616 810 ιω.
657 768 848 810 declara·

226 832 337 874 Vit-

183 921 194 934 .
247 890 334 947 Qui
371 897 478 930 sunt
514 886 563 927 hi
597 897 849 931 contractus

218 961 377 993 natura
413 945 437 990 ὲ
484 949 629 991 mutui
680 959 853 992 contra-

222 1022 300 1053 ctu
337 1008 536 1051 diversi?

200 1101 212 1114 .
252 1070 515 1113 Contractus
561 1069 802 1128 emptionis
836 1098 850 1118 ,

186 1163 196 1174 .
219 1129 267 1175 ἃ
305 1128 583 1173 venditionis
613 1159 625 1177 ,
665 1140 850 1172 contra-

221 1201 320 1233 ctus
371 1189 595 1232 societatis
617 1220 629 1237 ,
665 1200 849 1231 contra—

221 1262 319 1293 ctus
338 1249 501 1291 cambii
523 1277 535 1294 ‚
561 1249 632 1291 vel
655 1262 851 1291 manua-

216 1311 276 1352 lis
294 1339 309 1358 ,
326 1308 400 1352 vel
422 1307 573 1350 localis
593 1338 604 1357 ‚
622 1306 667 1351 δι
683 1323 761 1365 per
783 1309 852 1351 lit·

222 1381 362 1418 teras,
406 1379 662 1411 contractus
697 1381 851 1410 census

222 1429 350 1472 realis
395 1430 602 1483 perpetui
622 1459 633 1479 ,
674 1427 721 1472 δε
775 1428 851 1471 alii

223 1489 360 1532 multi
385 1519 395 1529 .

185 1580 200 1595 .
254 1548 372 1605 Quid
411 1557 477 1590 est
507 1548 774 1603 emptionis,
804 1546 852 1591 8(

222 1607 496 1653 venditionis
533 1611 822 1652 contractus?

197 1699 207 1711 .
269 1667 350 1711 Est
387 1678 639 1711 contractus
672 1670 719 1709 in
761 1680 852 1722 quo

181 1759 193 1771 .
222 1738 400 1782 emptor
417 1740 462 1767 se
482 1726 656 1786 obligat
675 1727 730 1769 ad
748 1728 852 1770 dan-

223 1788 326 1829 dam
347 1796 512 1829 certam
534 1787 729 1843 pecuniae
747 1800 855 1843 qua-

211 1848 437 1891 ntitatem
494 1846 726 1894 venditori
776 1862 854 1903 pro

221 1919 394 1954 merce,
419 1918 496 1948 seu
533 1904 578 1949 re
595 1936 607 1957 ‚
641 1920 778 1964 quam
801 1909 856 1950 ab

220 1968 320 2024 ipso
349 1965 470 2009 dicto
499 1968 644 2022 pretio
665 1967 791 2017 emit,
809 1965 856 2011 δε

222 2027 418 2070 vicissim
452 2026 693 2077 venditor,
726 2040 775 2070 se
811 2041 858 2071 o-

224 2083 369 2152 bligat
397 2084 452 2126 ad
471 2085 662 2129 dandam
682 2096 861 2144 empto·

227 2157 266 2185 r·
284 2156 406 2192 rem,
425 2156 503 2186 seu
521 2158 749 2194 mercem,
781 2157 858 2202 qu-

229 2217 302 2246 am
336 2214 414 2258 pro
438 2203 558 2249 dicto
596 2206 739 2258 pretio
773 2207 858 2263 ipsi

228 2262 389 2308 offert.
412 2262 500 2305 Hic
519 2274 770 2308 contractus
792 2278 860 2313 est

227 2323 415 2364 omnino
470 2322 649 2365 diversae
689 2336 860 2367 naturae

230 2394 255 2423 a
274 2383 422 2423 mutui
454 2393 686 2426 contractu
704 2413 718 2431 ‚
751 2386 860 2438 quia

237 2452 414 2497 emptor
430 2471 444 2492 ‚
493 2444 574 2503 qui
620 2446 861 2502 pecunias}

893 631 994 690 tm.

896 887 1000 930 Res.

966 954 989 991 '.
1017 961 1168 991 revera
1192 949 1240 990 hi
1263 960 1516 993 contractus
1538 950 1652 990 uni-

904 2146 1001 2193 lat.

1010 166 1124 217 dat,
1174 167 1350 213 nullum
1393 165 1463 224 jus
1506 168 1647 216 habet

1012 229 1066 271 ad
1084 241 1181 271 eam
1203 240 1356 285 postea
1378 242 1648 281 recuperan-

1011 288 1115 331 dam
1149 319 1161 337 ‚
1211 291 1345 332 sicuti
1392 290 1441 332 in
1481 301 1644 334 mutuo

1011 350 1239 406 contingit
1274 350 1394 393 unde
1429 349 1646 393 deficitin

1011 408 1098 451 hoc
1133 420 1371 452 contractu
1417 411 1545 453 tertia
1591 422 1647 451 ex

1011 467 1101 510 illis
1124 470 1261 512 tribus
1293 469 1647 517 conditionibus,

1010 540 1109 583 quae
1131 543 1177 571 n.
1219 545 1266 574 2·
1289 529 1479 572 diximus
1506 542 1649 571 essen·

1017 590 1127 631 tiam
1164 592 1312 631 mutui
1345 590 1647 633 constituere.

1044 649 1196 693 Potest
1218 646 1274 690 ne
1290 649 1361 692 hic
1378 650 1618 705 emptionis
1631 678 1647 697 ‚

1015 706 1063 751 δί
1089 709 1363 753 venditionis
1393 720 1648 751 contractus

1014 781 1118 810 cum
1176 781 1335 812 mutuo
1405 769 1648 823 aliquando

1016 838 1308 878 concurrere,
1329 828 1405 872 ἃ
1395 830 1478 884 ipsi
1507 830 1650 886 uni5i²

1050 888 1200 932 Potest
1222 903 1356 940 sane,
1377 887 1424 931 <St
1441 902 1531 931 non
1552 887 1651 930 raro

1017 1020 1158 1051 untur
1177 1038 1190 1054 ‚
1215 1023 1256 1051 1.
1282 1023 1385 1051 cum
1417 1019 1650 1052 mutuatot

1020 1079 1234 1112 mutuum
1261 1071 1396 1129 gratis
1428 1069 1533 1116 dat,
1572 1067 1652 1110 sed

1019 1141 1123 1171 cum
1142 1140 1277 1171 onere
1290 1161 1301 1179 ‚
1334 1129 1454 1184 quod
1473 1140 1655 1171 mutua-

1021 1190 1157 1231 tarius
1177 1188 1337 1233 debeat
1361 1192 1408 1232 in
1428 1202 1506 1231 sua
1522 1190 1652 1233 ofici-

1023 1262 1079 1290 na
1100 1262 1248 1292 emere
1274 1263 1466 1297 merces,
1489 1251 1657 1305 quibus

1020 1309 1198 1367 indiget
1219 1339 1233 1353 .
1252 1322 1298 1352 2.
1318 1308 1501 1366 quando
1531 1324 1654 1366 emp-

1024 1379 1093 1411 tor
1109 1371 1332 1413 consentit
1349 1371 1490 1427 pretio
1510 1383 1531 1411 a
1547 1383 1655 1413 ven-

1023 1429 1167 1476 ditore
1206 1443 1287 1486 pro
1317 1431 1536 1473 mercibus
1567 1443 1654 1485 pe-

1023 1489 1109 1531 tito
1127 1519 1142 1538 ,
1188 1491 1270 1533 sub
1316 1500 1481 1546 pacto,
1532 1489 1654 1545 quod

1021 1550 1232 1594 venditor
1260 1551 1342 1606 ipsi
1372 1551 1508 1609 gratis
1540 1563 1654 1590 mu·-

1024 1618 1101 1654 tuo
1142 1607 1218 1653 det
1249 1641 1262 1659 ‚
1303 1611 1606 1665 quantitatem
1638 1641 1654 1659 ‚

1025 1680 1114 1724 qua
1149 1669 1356 1729 indiget.
1398 1671 1450 1712 ln
1487 1670 1579 1718 his,
1607 1667 1655 1713 8<

1019 1727 1241 1772 similibus
1262 1730 1431 1773 casibus
1451 1760 1464 1778 ,
1497 1732 1657 1785 empti-

1021 1789 1151 1836 onis,
1172 1786 1217 1832 S<
1237 1790 1514 1834 venditionis
1539 1803 1656 1832 con—-

1024 1857 1190 1892 tractus
1265 1862 1369 1892 curn
1421 1859 1655 1894 contractu

1025 1910 1176 1950 mutui
1212 1909 1403 1953 unitur.
1459 1909 1516 1952 Et
1564 1910 1658 1951 haee

1025 1978 1341 2013 contractuum
1381 1970 1491 2012 unio
1514 1969 1623 2013 facit
1642 2001 1657 2021 ,

1025 2036 1080 2070 ut
1109 2028 1180 2071 hic
1213 2029 1371 2073 modus
1393 2030 1660 2074 contrahen-

1027 2086 1071 2128 di
1100 2090 1326 2131 usurarius
1355 2100 1586 2132 censeatur
1606 2119 1617 2131 .

1028 2146 1116 2190 Hic
1133 2150 1376 2204 emptionis
1400 2179 1411 2196 ,
1430 2147 1477 2191 ἃ
1490 2149 1659 2194 vendi-

1033 2208 1171 2252 tionis
1207 2219 1463 2253 contractus
1511 2221 1660 2264 potest

1030 2265 1196 2310 talibus
1214 2269 1354 2324 pactis
1372 2297 1385 2317 ,
1419 2266 1464 2310 St
1493 2270 1659 2311 condi-

1029 2328 1224 2373 tionibus
1245 2329 1348 2370 iniri
1366 2356 1378 2376 ,
1411 2342 1506 2383 quae
1524 2330 1661 2384 ipsius

1030 2399 1237 2430 naturam
1278 2388 1558 2438 immutent,
1611 2387 1660 2430 8τ.

1031 2457 1134 2500 eum
1167 2448 1216 2497 in
1253 2458 1534 2498 contractum
1567 2461 1663 2490 mu.

1534 2519 1600 2552 tui
