1889 2863
902 142 1064 204 (40)

281 211 327 247 2.
358 198 472 258 Quia
492 198 680 256 pecunia
701 212 791 242 non
811 198 960 243 adhoc

343 259 549 304 instituta
574 270 724 310 est‚ut
740 274 837 301 eam
859 262 959 314 quis

342 322 464 364 domi
515 321 655 363 otiose
706 321 945 375 repositam

341 379 654 424 habeatsedut
685 394 733 421 ea
754 379 807 421 ad
822 392 952 422 suum

342 439 629 484 commodom
651 449 803 482 utatur
839 473 851 489 ‚
888 454 958 495 pe-

341 501 475 543 cunia
495 499 629 546 enirn,
643 510 729 552 qua
749 500 846 552 quis
867 512 957 541 non

343 561 489 603 utitur
510 589 522 605 ‚
545 556 590 600 St
613 559 679 600 uti
696 570 787 599 non
807 569 958 613 potest

342 621 478 676 plane
493 616 666 660 inutilis
686 648 698 662 ,
721 615 765 658 St
787 616 953 660 nullius

344 679 508 723 valoris
523 687 635 718 esset
655 709 667 726 ‚
686 689 774 719 non
791 678 952 725 minus,

342 752 482 794 quam
503 750 661 778 aurum
693 738 741 778 in
790 737 956 780 fodinis

343 797 626 842 reconditum
649 827 659 838 .
695 796 851 839 Omnis
881 812 955 853 pe-

345 860 490 900 cuniae
533 856 660 899 valor
713 856 884 911 pendet
934 872 958 900 a

344 918 678 960 commoditate
698 947 709 964 ,
726 929 861 971 quarn
884 917 959 958 ho-

346 991 491 1020 mines
522 992 603 1025 ,ex
622 988 714 1028 enus
766 989 850 1017 usu
894 991 958 1018 re-

341 1048 521 1094 portare
540 1049 724 1092 possunt
746 1068 756 1078 .
777 1036 861 1092 Qui
885 1051 964 1078 au-

344 1109 440 1141 tem
498 1098 734 1153 pecuniam
799 1109 958 1139 mutuo

345 1156 457 1201 dant
479 1187 492 1205 ‚
509 1157 658 1211 quoad
676 1157 798 1198 illam
831 1171 956 1213 repe-

344 1229 447 1262 tant
504 1218 585 1260 hac
624 1218 955 1263 ‚commoditate

339 1280 611 1334 priVantur;
642 1277 684 1318 Si
702 1289 804 1334 ergo
826 1307 838 1326 ‚
862 1290 956 1332 pos—

340 1350 443 1381 sent
461 1351 543 1380 usu
563 1335 685 1380 tituli
725 1337 833 1379 lucri
864 1350 952 1378 ces·

348 1400 486 1442 santis
521 1399 717 1439 debitam
772 1397 955 1438 indem—

344 1461 538 1502 nitatem
593 1455 617 1498 ὲ
683 1458 958 1499 mutuatario

342 1521 547 1575 exigere,
579 1515 626 1558 δε
673 1517 754 1558 hoe
775 1519 957 1559 nomine

343 1577 718 1634 aliquodlucrum
740 1576 856 1618 ultra
873 1587 957 1618 sor-

344 1650 439 1682 tem
476 1638 658 1693 pascis-ci
711 1669 726 1687 ,
783 1650 960 1691 semper

344 1701 430 1741 hoc
480 1698 622 1740 facere
661 1707 875 1756 possent,
904 1710 952 1736 ac

345 1758 534 1815 proinde
595 1758 714 1812 leges
785 1756 960 1800 Divinae

345 1832 496 1862 usuras
527 1818 810 1873 prohibentes
826 1816 964 1858 inuti-

351 1880 414 1921 les
434 1910 444 1926 ‚
461 1876 505 1920 &
536 1890 869 1933 supervacaneae
903 1877 966 1916 fo.

349 1950 451 1982 :rent
468 1969 479 1987 ,
492 1951 593 1979 usus
612 1949 714 1992 ergo
747 1933 880 1989 hujus
897 1936 963 1978 ti-

349 2000 433 2043 tuli
453 1998 596 2056 legem
614 1997 826 2040 Divinam
843 2008 965 2038 ever-

351 2061 433 2107 tit,
454 2068 866 2112 consequenterque
888 2068 964 2096 ne·

350 2121 554 2173 utiquam
574 2128 639 2158 est
652 2115 959 2158 admittendus

311 2209 320 2221 .
352 2179 466 2236 Quia
512 2176 642 2232 hujus
688 2176 810 2219 tituli
848 2175 959 2216 lucri

351 2240 558 2282 cessantis
579 2267 591 2284 ‚
625 2246 772 2289 neque
806 2236 856 2278 P.
879 2235 928 2275 P.
950 2265 965 2284 ,

352 2312 501 2352 neque
527 2297 602 2340 aiii
635 2293 826 2350 Antiqui
859 2295 970 2337 scri-

353 2369 501 2414 ptores
536 2387 546 2404 ,
580 2356 633 2397 de
676 2366 832 2399 mutuo
870 2385 882 2402 ‚
915 2352 963 2396 &

348 2430 482 2460 'usura
508 2426 747 2459 tractantes
767 2445 778 2463 ,
816 2415 959 2457 ullam

351 2489 523 2536 pror-sus
571 2476 851 2523 mentionem
901 2476 963 2518 sa-

1129 201 1256 243 eiunt
1277 214 1290 248 3
1312 192 1389 238 sed
1410 195 1608 240 absolute
1625 209 1734 254 quo-

1129 260 1239 302 libet
1261 258 1430 299 lucrum
1469 270 1522 299 ex
1544 272 1548 276 ·
1572 271 1733 303 mutuo

1129 330 1335 362 exactum
1397 316 1612 360 damnant
1630 347 1643 366 ‚
1686 317 1734 361 St.

1129 389 1413 425 execrantur,
1455 376 1579 420 nulla
1658 377 1732 421 di—

1126 440 1368 489 stinctione
1389 437 1504 480 facta
1538 438 1655 479 inter
1669 451 1735 479 ca·

1127 514 1243 548 sum,
1265 501 1309 538 in
1327 510 1415 551 quo
1431 497 1620 553 pecunia
1637 509 1737 550 quae

1128 569 1287 600 mutuo
1323 559 1450 600 datur
1483 567 1733 601 remaneret

1123 618 1228 660 alias
1247 617 1609 673 apudDominum
1624 618 1739 660 Otio-

1122 692 1166 719 sa
1182 677 1241 726 ‚St
1258 680 1532 721 intercasum
1549 708 1560 725 ,
1581 678 1624 718 in
1647 689 1737 732 quo

1124 739 1297 781 utiliter
1345 752 1367 779 a
1399 738 1594 780 Domino
1642 738 1737 778 im·-

1125 797 1416 854 penderetur:
1439 799 1518 840 etsi
1556 797 1742 839 occasio·

1129 871 1205 900 nes
1240 858 1414 899 utiliter
1445 856 1738 912 Impendendi

1129 918 1367 972 pecuniam
1389 918 1585 972 antiquis
1628 928 1740 959 tem·

1136 979 1312 1034 poribus
1332 1009 1343 1026 ‚
1389 978 1434 1018 in
1484 978 1646 1032 quibus
1679 978 1736 1018 ob

1130 1051 1337 1096 magnam
1399 1039 1597 1092 pecuniae
1644 1039 1737 1078 ino-

1130 1100 1250 1154 piam
1272 1098 1438 1139 Census
1456 1098 1592 1138 annui
1623 1097 1740 1138 Mar-

1130 1159 1213 1200 tini
1232 1159 1288 1203 V.
1311 1186 1321 1205 ,
1341 1155 1386 1199 Sc
1402 1156 1554 1200 calisti
1573 1157 1653 1198 111.
1669 1170 1742 1196 au-

1123 1219 1391 1264 cthoritate‚
1423 1217 1478 1258 ad
1513 1219 1738 1260 rationem

1128 1291 1199 1319 ιο.
1223 1279 1268 1318 in
1293 1292 1392 1318 100.
1409 1277 1740 1319 constitueban-

1127 1349 1200 1380 tm·
1223 1367 1234 1385 ,
1255 1337 1399 1379 multo
1413 1337 1740 1390 frequentiores

1127 1409 1269 1439 essent
1291 1431 1304 1447 ‚
1336 1409 1389 1441 ut
1407 1397 1568 1452 cuique
1607 1409 1741 1438 corn-

1126 1469 1302 1513 pertum
1326 1469 1388 1499 est
1413 1488 1423 1499 .

1084 1549 1093 1561 .
1125 1517 1238 1574 Quia
1257 1517 1398 1559 Divus
1411 1516 1574 1559 Tomas
1602 1531 1648 1560 2.
1669 1518 1740 1557 25?

1128 1591 1174 1632 q.
1200 1581 1272 1624 73.
1293 1589 1374 1619 art.
1397 1590 1442 1618 2.
1464 1577 1518 1618 ad
1540 1591 1582 1627 3.
1604 1577 1655 1618 de
1673 1575 1742 1616 his

1129 1636 1271 1680 titulis
1322 1650 1454 1695 agens
1485 1667 1497 1684 ‚
1548 1636 1741 1680 titulum

1129 1697 1282 1738 damni
1321 1697 1589 1755 emergentis
1639 1709 1742 1751 pro·

1129 1758 1209 1799 bat
1228 1754 1272 1797 Sc
1295 1757 1482 1799 titulum
1514 1757 1624 1797 lucri
1655 1768 1743 1797 ces-

1126 1819 1261 1858 santis
1301 1829 1497 1872 expresse
1532 1816 1743 1857 damnare

1133 1876 1181 1919 St
1198 1879 1428 1930 reprobare
1452 1876 1634 1920 videtur
1672 1875 1740 1915 his

1129 1937 1307 1981 verbis:
1347 1966 1375 1985 „
1412 1938 1744 1988 Recompensa-

1131 2026 1163 2046 ,‚
1197 1997 1365 2038 tionem
1394 1995 1498 2038 vero
1552 1995 1742 2042 damni,

1130 2086 1165 2106 ‚‚
1192 2057 1315 2110 quod
1363 2054 1666 2098 consideratur
1693 2053 1744 2095 in

1129 2146 1162 2165 ,‚
1193 2119 1275 2159 hoc
1297 2147 1308 2164 ‚
1329 2115 1448 2168 quod
1469 2114 1522 2156 de
1555 2115 1744 2170 pecunia

1132 2205 1166 2226 ,,
1196 2188 1284 2218 non
1302 2175 1500 2217 lucratur
1518 2205 1530 2222 ‚
1549 2186 1639 2216 non
1671 2185 1746 2228 po-

1134 2265 1167 2286 „
1200 2247 1285 2280 test
1316 2236 1563 2291 inpactum
1609 2233 1746 2274 dedu-

1136 2326 1165 2346 „
1194 2309 1323 2342 cere,
1352 2297 1457 2351 quia
1478 2309 1569 2338 non
1609 2292 1742 2336 debet

1135 2385 1166 2406 „
1196 2354 1391 2399 vendere
1427 2355 1473 2397 id
1492 2354 1614 2411 quod
1634 2365 1744 2395 non-

1133 2445 1166 2465 „
1196 2415 1303 2457 dum
1337 2415 1472 2458 habet
1513 2447 1526 2462 ..
1577 2411 1625 2456 &
1652 2426 1743 2466 po—

1131 2503 1164 2526 „
1195 2486 1282 2521 test
1319 2474 1526 2533 impediri
1573 2472 1744 2573 rutiliti-

1601 2547 1630 2588 Ρ
1651 2546 1685 2576 l·
