1889 2863
858 185 1027 239 (13)

324 262 424 298 tur,
454 248 530 303 qui
566 252 631 289 est
652 274 664 292 ‚
695 252 750 288 ut
769 245 925 288 iisdem

323 322 473 353 utatur
494 338 506 354 ,
534 309 645 362 ipsas
661 319 927 348 consuman-

320 373 406 418 ‹lo‚
442 367 515 411 vel
549 369 594 408 in
631 365 816 408 aliorum
840 368 926 408 do-

320 431 512 471 minium
553 457 567 475 ,
614 427 877 470 venditione
911 458 925 476 ,

318 500 397 532 aut
418 488 504 529 alio
546 487 676 530 modo
713 501 786 529 eas
810 500 925 529 tran-

316 548 518 590 sserendo
539 545 716 590 .Terti0
730 547 925 589 animad-

315 609 583 652 vertendum
598 620 664 649 est
691 638 702 655 ,
724 619 924 662 pactum,

267 682 271 687 “
318 666 365 710 &
397 681 533 716 onus,
569 681 659 722 quo
683 682 746 708 res
777 680 927 709 mutu-

200 1330 292 1374 Int-

203 1687 307 1730 Res.

321 729 459 770 atari.»
499 728 732 770 traduntur
756 758 767 774 ,
801 742 926 769 nern-

316 803 373 843 pe
406 787 617 829 reddendi
670 789 925 837 mutuanti.

316 860 409 890 non
452 848 625 889 easdem
681 862 745 890 res
790 862 925 890 acce-

317 919 414 964 ptas
452 910 496 949 in
521 910 604 949 suis
639 910 924 962 corporibus,

310 969 390 1009 sed
407 968 537 1016 alias,
570 982 666 1023 quae
686 972 732 1010 in
764 975 923 1024 specie,

315 1028 512 1083 pondere
568 1042 757 1071 numero
798 1060 811 1077 ,
877 1027 924 1070 8(

316 1089 540 1143 qualitate
596 1091 685 1130 sint
735 1090 922 1144 receptis

315 1148 502 1204 aequales
527 1178 540 1197 ,
573 1160 620 1190 ut
638 1149 714 1190 has
741 1149 925 1191 redden-

317 1209 376 1251 do
397 1240 408 1258 ,
438 1211 550 1264 ipsas
579 1221 687 1263 quas
736 1223 923 1264 recepe-

326 1280 395 1311 rat
428 1271 655 1310 restituere
687 1269 921 1312 videatur.

383 1326 487 1371 Tria
518 1329 609 1370 haec
631 1342 739 1372 sunt
756 1343 810 1370 ne
833 1344 925 1384 par-

326 1401 391 1433 tes
442 1390 693 1432 essentiales
742 1392 922 1439 mutui,

318 1463 416 1504 quae
460 1450 574 1491 illud
638 1452 919 1492 constituant

319 1510 565 1565 proprium,
585 1507 630 1552 8(
647 1511 916 1564 peculiarem

320 1581 600 1612 contractum
634 1585 655 1612 a
678 1571 842 1614 cacteris
863 1571 925 1623 diff

321 1630 579 1670 stinctum?
789 1623 793 1627 ”

389 1690 455 1730 Ita
501 1703 605 1732 sane
644 1719 656 1732 .
694 1690 839 1734 Prima
871 1705 925 1734 e-

325 1749 419 1791 nim
458 1762 512 1790 ex
542 1750 677 1791 tribus
693 1752 928 1793 conditio-

321 1809 452 1850 nibus
484 1809 712 1866 assignatis
757 1811 926 1853 distin-

319 1871 419 1928 guit
449 1881 659 1910 mutuum
697 1885 719 1912 a
750 1870 930 1915 locatio-

323 1943 408 1974 ne,
430 1925 475 1969 St
504 1930 817 1979 commodato,
849 1935 926 1986 qui

323 1999 578 2031 contractus
612 2002 848 2032 versantur
879 1994 926 2036 in

325 2049 454 2089 rebus
485 2078 498 2095 ,
549 2050 710 2103 quibus
758 2052 927 2093 utimur

326 2109 445 2151 salva
479 2122 628 2150 earum
646 2111 895 2155 substantia
912 2143 925 2161 ‚

323 2168 408 2208 hoc
438 2178 506 2209 est
524 2198 536 2214 ,
564 2170 674 2222 quin
700 2169 927 2214 destruan-

326 2237 425 2274 tur,
450 2227 523 2269 vel
557 2229 826 2272 alienentur.
848 2231 929 2275 At-

327 2299 414 2340 que
433 2287 495 2328 ita
517 2288 687 2330 utimur
707 2290 927 2341 domibus,

327 2346 484 2400 equis,
515 2348 628 2388 vasis
681 2352 926 2405 argenteis,

326 2406 636 2460 supellectili,
672 2405 718 2449 St
754 2410 927 2452 simili-

328 2465 408 2506 bus
430 2495 443 2513 ,
481 2479 577 2522 quae
605 2466 806 2511 locantur
825 2500 838 2518 ‚
855 2471 927 2514 vel

324 2528 667 2573 commodantur
688 2557 701 2578 ,
731 2542 783 2577 ut
811 2544 929 2577 com-

974 1866 1068 1910 Int-

974 2165 1076 2211 Res.

1095 239 1329 285 modatarii
1355 271 1368 290 .
1405 242 1480 286 vel
1520 244 1705 288 conda-³·

1094 315 1234 346 ctores
1256 305 1357 358 ipsis
1374 315 1560 345 utantur
1577 337 1588 354 ,
1609 321 1700 347 eas-2

1095 363 1287 418 demque
1318 366 1364 406 in
1405 368 1588 420 propriis
1608 374 1700 408 cor-'

1098 425 1275 479 poribus
1297 455 1310 473 ,
1342 424 1466 466 finito
1501 438 1700 481 tempore

1095 486 1141 526 in
1179 496 1413 527 contractu
1441 488 1661 541 assignato
1685 517 1700 535 ,

1093 546 1183 586 suis
1240 545 1430 586 dominis
1476 546 1666 589 reddant
1686 575 1700 589 .

1094 607 1294 648 Secunda
1328 605 1557 655 conditio,
1591 619 1702 646 mu..

1096 674 1223 706 tuum
1259 666 1504 722 destinguit
1530 681 1553 709 a
1571 666 1704 722 depo.-

1093 737 1179 766 sito
1194 755 1206 772 ‚
1238 726 1282 765 in
1303 739 1393 779 quo
1411 728 1708 781 depositarius*

1095 799 1186 826 non
1219 797 1362 839 potest
1390 787 1454 827 uti
1491 788 1714 842 pecunia,

1096 846 1244 887 tritico
1272 874 1281 892 ,
1312 844 1357 887 St
1381 847 1476 888 aliis
1496 877 1507 894 .
1541 860 1636 901 quae
1653 847 1702 889 in

1095 904 1349 959 depositum
1393 908 1576 962 recipit:
1618 904 1703 955 Sec}

1095 964 1186 1006 haec
1217 968 1366 1007 omnia
1398 968 1705 1009 custodiredes

1094 1025 1199 1071 bet,
1238 1040 1286 1067 ac
1320 1028 1365 1067 in
1408 1029 1592 1081 propriis
1613 1040 1704 1069 cor-

1094 1087 1272 1141 poribus
1295 1099 1373 1133 ,ut
1397 1088 1561 1129 dicitur
1579 1087 1704 1134 ,red-

1093 1145 1195 1186 dere
1231 1159 1379 1201 postea
1427 1148 1701 1203 deponenti.

1091 1204 1242 1249 Tertia
1272 1208 1452 1248 tandem
1501 1209 1704 1250 conditio

1092 1279 1305 1309 mutuum
1331 1268 1565 1326 distinguit
1589 1281 1610 1308 a
1629 1269 1704 1311 do-

1094 1327 1277 1368 natione
1300 1357 1312 1376 ,
1342 1341 1427 1382 qua
1462 1343 1525 1370 res
1560 1329 1704 1370 tradi-

1094 1397 1166 1429 tur
1195 1387 1424 1430 donatario
1444 1389 1605 1443 absque
1628 1389 1705 1430 ali-

1096 1457 1185 1502 quo
1215 1462 1350 1490 onere
1383 1466 1393 1489 :
1430 1450 1632 1503 itemque
1677 1463 1702 1493 a

1092 1519 1143 1547 ce
1154 1519 1228 1549 usu
1247 1508 1355 1551 reali
1380 1521 1596 1563 perpetuo
1614 1539 1626 1557 ,
1646 1509 1702 1551 ab

1092 1569 1320 1623 emptione
1342 1599 1354 1618 ,
1388 1567 1432 1611 ἃ
1465 1570 1704 1612 venditio-

1092 1642 1150 1669 ne
1172 1658 1184 1675 ‚
1206 1641 1227 1667 a
1249 1630 1461 1670 societate
1479 1659 1492 1676 ‚
1535 1627 1580 1672 ἅ
1601 1628 1699 1672 aliis

1093 1688 1438 1742 quamplurimis
1466 1692 1704 1732 contracti-

1095 1748 1208 1795 bus,
1246 1761 1297 1792 ut
1337 1749 1383 1791 in
1424 1748 1611 1793 decursu
1626 1749 1703 1792 di-

1094 1821 1245 1850 cemus
1269 1839 1280 1850 .

1159 1867 1262 1911 Tria
1300 1869 1423 1918 haec,
1463 1883 1558 1924 quae
1589 1884 1704 1913 mu·-

1096 1929 1163 1970 tui
1227 1931 1463 1971 essentiam
1527 1932 1704 1975 consti-

1095 1998 1232 2030 tuunt
1295 1991 1578 2045 reperiuntur
1643 2005 1702 2034 ne

1092 2062 1267 2103 semper
1286 2050 1332 2091 in
1367 2060 1523 2093 mutuo
1544 2081 1558 2100 ,
1583 2050 1702 2094 clare

1094 2119 1230 2163 atque
1246 2110 1474 2165 perspicue
1488 2114 1509 2151 ἓ

1161 2173 1213 2210 ln
1257 2181 1416 2212 mutuo
1451 2171 1701 2226 explicito,

1122 2228 1332 2284 explicite
1376 2230 1541 2285 pariter
1609 2232 1711 2275 haee>⁴

1097 2289 1179 2330 tria
1199 2289 1500 2345 reperiuntur.
1517 2288 1703 2335 Verum-

1096 2350 1318 2390 tamenin
1350 2362 1512 2392 mutuo
1550 2351 1703 2406 palia-

1096 2418 1142 2451 to
1162 2437 1175 2455 ‚
1206 2409 1285 2451 etsi
1310 2411 1700 2466 reperiantur,non

1095 2479 1350 2522 apparent,
1392 2470 1468 2514 sed
1516 2472 1702 2515 obscure

1095 2527 1238 2577 latent
1268 2558 1282 2573 .

1615 2589 1690 2633 In,
