1889 2863
831 53 1001 123 crs>

259 138 346 181 lam
376 144 550 193 quoque
570 161 583 180 ‚
610 143 708 186 quae
729 131 885 171 imme-

259 197 379 241 diate
402 207 500 254 post
526 194 657 236 verba
694 192 883 233 adducta

260 259 453 315 legitur,
496 254 542 297 &
579 254 698 294 hunc
733 264 886 293 casum

255 331 361 360 curn
373 314 657 372 sequentibus
674 312 889 367 quodam-

256 377 392 422 modo
418 376 653 418 connectit
671 403 683 421 ‚
705 374 889 415 denota-

254 451 302 480 re
332 445 587 479 contractus
623 435 670 475 in
699 435 781 475 hoc
818 447 885 474 ca·

253 498 351 552 pite
387 496 607 551 expositos
646 506 737 535 non
765 494 886 534 dissi-

257 558 376 599 milis
415 569 506 597 esse
556 553 828 596 conditionis
870 582 883 600 ‚

253 619 424 676 primus
443 615 616 657 scilicet
639 615 880 663 usurarius;

253 677 416 735 reliqui
448 689 555 719 vero
591 674 703 716 liciti
735 671 781 716 St
806 674 881 714 ho-

253 740 367 781 nesti
389 755 400 778 :
424 737 472 779 in
500 737 583 778 hoc
611 735 730 776 enim
747 746 849 775 casu
867 762 880 781 ‚

252 809 345 840 non
367 795 583 853 particula
600 807 792 850 quoque,
805 792 882 834 sed

250 855 473 915 particula
492 869 597 899 vero
617 885 629 903 ‚
649 868 746 908 quae
766 853 880 896 dissi-

250 917 562 961 militudinem
598 917 767 956 indicat
815 927 883 955 ca-

248 991 320 1021 sus
338 1008 350 1025 ‚
388 976 546 1018 fuisset
583 974 847 1031 apponenda
867 1002 879 1017 .

249 1039 356 1080 Haec
380 1047 443 1079 est
479 1047 570 1077 non
593 1035 726 1077 modo
748 1034 880 1090 potis-

246 1101 356 1141 sima
375 1114 387 1147 ;
406 1095 482 1137 sed
515 1108 560 1137 et
579 1097 714 1138 unica
732 1095 845 1137 ratio
864 1123 878 1142 ‚
922 1091 1019 1136 Int-

247 1172 343 1215 quae
369 1158 446 1198 hos
469 1152 525 1197 A.
544 1151 602 1197 A.
624 1156 802 1198 induxit
820 1154 876 1197 ad

248 1215 557 1275 evulgandum
577 1243 591 1263 ,
637 1216 751 1257 hanc
791 1216 874 1257 De·

246 1278 460 1323 cretalern
483 1275 739 1318 mendosam
756 1289 845 1317 esse
862 1304 876 1322 ‚

249 1339 296 1383 δί
334 1337 608 1380 correctione
641 1337 841 1393 indIgere
864 1364 878 1383 .

245 1413 344 1454 quze
386 1409 539 1440 tamen
568 1396 709 1438 futilis
729 1396 871 1437 omni·

245 1474 332 1507 n0‚
367 1456 413 1500 Sc
439 1456 608 1499 nullius
647 1456 870 1497 momenti
919 1458 1024 1503 Res.

939 1532 1014 1568 59·

244 1532 312 1562 est
332 1549 344 1560 .
366 1518 473 1573 Quis
494 1518 614 1559 enim
635 1518 811 1576 ignorat
827 1515 876 1557 il-

246 1579 290 1621 lo
309 1590 508 1632 tempore
524 1608 535 1626 ,
551 1591 643 1632 quo
665 1577 872 1632 expedita

247 1639 338 1680 fuit
365 1638 456 1678 haec
491 1636 748 1686 decretalis,
780 1651 872 1680 non

244 1699 357 1741 adeo
391 1695 620 1746 accurate,
653 1697 697 1740 8(
720 1697 873 1753 perfe-

244 1756 320 1802 cte
356 1770 405 1800 ac
432 1769 551 1799 nunc
577 1759 781 1801 homines
812 1757 873 1801 la-

246 1820 343 1863 tine
365 1815 487 1872 loqui
510 1844 522 1858 .
549 1816 690 1874 Apud
716 1832 872 1861 omnes

243 1879 382 1922 etiam
399 1879 444 1918 in
466 1889 693 1934 comperto
722 1889 786 1920 est
804 1890 874 1921 co-

240 1938 505 1993 mpilatores
570 1939 874 1981 Decretalium

246 2011 339 2040 non
388 1999 582 2053 integras
635 1997 876 2042 decretales

247 2059 296 2101 in
324 2058 643 2112 compilatione
671 2060 874 2101 inseruis-

245 2129 322 2168 se;
343 2116 418 2158 sed
434 2117 575 2160 multa
595 2132 649 2160 cx
670 2121 721 2160 iis
738 2148 749 2166 ‚
774 2132 874 2174 quae
919 2117 1017 2161 Im.

248 2178 487 2218 necessaria
522 2189 613 2218 non
661 2179 876 2221 videban-

249 2247 325 2278 tur
343 2269 356 2286 ‚
376 2238 479 2290 quia
498 2236 613 2279 forte
631 2237 679 2279 in
701 2238 796 2280 aliis
809 2253 876 2281 ca-

246 2296 416 2352 pitibus
435 2294 551 2337 clar'e
586 2300 876 2344 remanebant

247 2351 395 2398 decisa
426 2356 679 2411 reliquisse,
707 2372 786 2400 seu
813 2373 876 2401 re-

245 2427 412 2461 secasse
436 2445 449 2462 .
471 2417 624 2463 Potuit
654 2429 757 2481 ergo
779 2433 877 2466 eve-

1053 131 1148 173 nIre
1197 130 1245 172 in
1283 129 1366 173 hac
1408 127 1634 173 Decretali
1668 156 1682 176 ‚

1052 189 1175 246 quod
1194 192 1240 232 in
1259 191 1353 232 aliis
1371 202 1492 234 certo
1510 190 1683 233 factum

1054 262 1247 299 constat,
1264 261 1315 292 ut
1334 251 1544 291 nimirum
1563 263 1683 291 com-

1055 312 1219 367 pilator
1238 310 1388 365 aliqua
1420 324 1473 352 ex
1495 324 1543 351 ca
1578 323 1684 351 rese-

1054 372 1226 415 caverit
1264 389 1274 412 :
1348 370 1470 412 unde
1531 370 1683 425 potuit

1054 445 1194 486 quam
1240 431 1415 485 optime
1457 431 1580 478 fieri,
1629 441 1683 473 ut

1047 505 1146 548 pars
1166 492 1326 535 omissa
1347 500 1603 533 contractus
1632 489 1683 529 li-

1049 553 1161 596 citos
1183 581 1194 601 ‚
1225 549 1270 593 Sc
1288 553 1494 593 honestos
1525 550 1682 591 conti-

1050 622 1176 655 neret
1206 613 1337 653 sicuti
1372 611 1579 653 continet
1599 609 1682 649 ul-

1051 674 1162 716 tima
1199 686 1294 726 pars
1323 670 1553 713 decretalis
1583 669 1679 710 reli-

1049 743 1121 774 cta
1145 750 1158 782 ;
1181 747 1229 774 ac
1253 730 1436 786 proinde
1469 730 1587 784 quod
1618 742 1682 770 re·

1049 803 1121 835 cte
1164 790 1405 837 Pontifex,
1440 793 1515 844 qui
1564 791 1684 831 inte·

1048 864 1174 910 gram
1200 850 1494 906 evulgaverat
1512 880 1523 898 ,
1545 863 1679 904 appo·

1048 914 1190 956 suerit
1226 911 1491 967 particulam
1522 941 1534 958 ‚
1573 919 1677 964 quo-

1048 986 1139 1028 que
1169 1002 1181 1019 ‚
1219 985 1356 1026 quam
1409 970 1676 1026 compilator

1049 1033 1270 1075 intactam
1291 1029 1474 1085 reliquit
1494 1062 1503 1072 .

1074 1091 1233 1135 Praeter
1252 1091 1407 1134 titulos
1439 1090 1677 1147 expositos,

1049 1153 1263 1196 nimirum
1294 1151 1406 1192 lucri
1438 1150 1676 1198 cessantis,

1044 1214 1196 1256 damni
1216 1213 1484 1269 emergentis
1505 1244 1516 1260 ‚
1536 1209 1582 1252 ἃ.
1603 1224 1676 1264 pe-

1043 1274 1170 1318 riculi
1222 1273 1476 1315 amittendae
1510 1271 1668 1320 sortis,

1043 1348 1136 1377 non
1154 1348 1208 1375 ne
1221 1343 1325 1374 sunt
1346 1333 1450 1382 alii,
1469 1334 1547 1387 qui
1574 1343 1673 1371 mu-

1039 1407 1118 1440 tuo
1140 1393 1381 1447 aliquando
1404 1395 1629 1436 sociantur
1647 1403 1670 1439 7

1073 1455 1197 1502 Varii
1218 1465 1336 1496 certo
1366 1466 1471 1497 sunt
1491 1482 1502 1502 ‚
1534 1465 1580 1496 et
1611 1452 1672 1497 A.

1042 1514 1101 1559 A.
1120 1515 1292 1569 aliquos
1323 1513 1556 1557 adducunt
1574 1543 1584 1560 ‚
1623 1512 1671 1555 8ζ

1037 1578 1207 1634 primus
1243 1586 1307 1618 est
1340 1575 1497 1618 titulus
1538 1587 1672 1629 paenae

1041 1635 1529 1683 conventionalis,cum
1550 1648 1671 1675 nem·

1041 1712 1097 1754 pe
1118 1706 1357 1743 mutuans,
1388 1705 1554 1737 certam
1577 1706 1672 1748 qu-

1042 1758 1285 1801 antitatem
1313 1758 1496 1798 nomine
1540 1767 1675 1809 paenae

1040 1833 1064 1861 a
1087 1817 1360 1860 mutuatario
1392 1817 1474 1858 sibi
1497 1815 1671 1859 solven-

1042 1880 1141 1922 dam
1158 1875 1400 1936 stipulatur
1416 1906 1428 1925 ‚
1446 1878 1480 1918 si
1501 1887 1668 1919 sortem

1042 1949 1206 1981 mutuo
1250 1949 1480 1993 acceptam
1514 1938 1674 1992 praesti-

1044 2011 1142 2042 tuto
1189 2008 1387 2055 tempore
1428 2009 1519 2040 non
1547 1998 1673 2040 resti-

1047 2068 1146 2102 tuat
1167 2086 1178 2100 ι

1073 2119 1153 2161 Est
1183 2133 1240 2161 ne
1272 2117 1395 2161 licita
1428 2120 1476 2161 in
1511 2127 1677 2160 mutuo

1040 2179 1133 2220 haec
1175 2192 1309 2235 paenae
1359 2176 1573 2235 adjestio,
1622 2176 1670 2219 &-

1038 2250 1191 2294 potest
1219 2234 1342 2281 licite
1376 2252 1400 2278 a
1429 2249 1672 2281 mutuante

1036 2300 1160 2354 exigi
1214 2312 1318 2340 cum
1371 2299 1669 2342 mutuatarius

1048 2372 1197 2401 revera
1228 2369 1389 2403 sortem
1422 2358 1671 2415 praestituto

1043 2430 1243 2474 tempore
1264 2428 1355 2464 non
1375 2420 1553 2464 reddit?

1080 2479 1124 2523 D
1155 2491 1183 2528 4
1542 2479 1645 2525 Res.
