1889 2863
102 1015 200 1060 Int.

96 1255 199 1297 Res.

102 1323 201 1361 156.

802 124 1004 178 (¹09)

237 182 427 225 sumitur
458 181 599 224 malus
618 210 631 229 ‚
662 181 745 223 nisi
765 194 861 237 pro-

238 242 392 288 betur.
425 242 466 282 Si
483 243 589 284 vero
608 242 858 284 vehemen-

235 313 302 343 ter
330 303 608 355 suspicantur
649 301 859 345 Dominos

232 371 281 404 re
318 360 417 406 vera
453 361 581 403 dictis
619 361 761 402 titulis
783 377 858 404 es-

238 434 284 461 se
315 421 547 463 destitutos
569 451 580 467 ,
613 417 658 461 St
690 421 767 462 hos
792 422 856 463 ti-

235 479 354 522 tulos
398 480 508 522 nihil
560 479 680 521 aliud
731 494 855 529 esse,

230 553 365 593 quam
398 551 629 595 praetextus
663 540 716 581 ad
739 553 854 581 usu-

226 614 293 642 ras
312 600 590 654 palliandas;
623 601 676 640 ab
708 600 759 640 iis
791 601 854 642 in-

227 659 465 702 serviendis
511 661 557 700 in
611 659 676 700 his
724 660 853 701 rebus

225 720 442 760 abstinere
478 717 674 769 debent;
707 716 752 761 ἃ
798 721 853 761 ab

224 792 376 820 eorum
416 779 633 820 Domibus
664 778 853 820 recede-

221 851 299 878 re:
335 839 441 879 alias
477 840 753 893 peccabunt,
789 853 851 879 u·-

219 899 329 940 suris
360 898 656 940 Dominorum
682 910 850 953 coope-

218 957 357 999 rando
379 988 390 999 .

249 1018 335 1074 Qui
391 1018 445 1060 ab
490 1016 704 1060 Usurariis
739 1031 847 1060 mu-

223 1087 354 1119 tuum
389 1089 551 1133 petunt
584 1079 662 1119 sub
688 1080 845 1127 usuris,

218 1148 513 1193 cooperantut
559 1135 617 1179 ne
663 1138 842 1180 illorum

219 1199 408 1251 peccatis
428 1202 447 1239 ἐ’

236 1259 539 1299 Certissimum
573 1267 642 1298 est
667 1257 841 1313 peccati

223 1331 359 1358 usur-ze
409 1316 660 1373 Complices
710 1317 801 1357 fieri
828 1348 842 1366 ‚

211 1389 263 1419 ut
313 1377 442 1421 docet
490 1375 668 1419 Sanetus
711 1377 840 1418 Tho-

210 1451 305 1479 mas
338 1450 382 1478 2.
416 1451 462 1478 2.
497 1438 630 1493 Ques.
658 1441 728 1483 78.
751 1448 835 1479 art.

209 1509 254 1546 4.
304 1499 409 1551 quia
459 1510 548 1539 non
594 1497 700 1538 licet
746 1496 838 1537 aii-

208 1569 340 1610 quem
379 1558 434 1599 ad
465 1555 738 1612 peccandum
772 1557 836 1598 in-

208 1617 397 1658 ducere:
441 1616 584 1658 soium
627 1616 734 1656 licet
781 1626 834 1659 ut

206 1676 371 1719 ibidem
401 1677 646 1735 Angelicus
667 1675 832 1718 adver-

206 1737 262 1779 tit
296 1768 308 1785 ‚
354 1749 565 1779 mutuum
630 1734 829 1778 absolute

203 1798 404 1852 accipere
459 1798 536 1838 sub
586 1796 725 1836 usuris
775 1797 828 1836 ab

201 1870 254 1898 eo
288 1858 363 1911 qui
395 1868 570 1912 paratus
619 1865 683 1897 est
711 1867 829 1894 mu-

199 1926 328 1958 tuum
347 1918 428 1958 sub
448 1929 574 1958 usura
606 1915 706 1956 dare
719 1927 827 1969 pro-

198 1988 298 2032 pter
371 1977 551 2031 aliquod
624 1976 791 2016 bonum
812 2005 825 2024 ‚

193 2036 317 2091 quod
351 2048 416 2079 est
463 2037 697 2078 subventio
739 2048 826 2075 suae

198 2099 469 2139 necessitatis
491 2126 503 2143 ‚
533 2096 607 2139 vel
647 2094 826 2136 alterius

199 2158 306 2210 quia
362 2169 539 2200 tantum
587 2154 734 2210 placet
781 2154 823 2194 ei

200 2227 308 2258 tunc
343 2230 466 2258 casus
496 2226 704 2257 mutuum
743 2226 823 2254 ac-

194 2276 340 2330 cipere
361 2276 480 2331 quod
504 2274 697 2316 officium
717 2273 823 2314 Cha-

195 2337 337 2376 riratis
363 2347 428 2378 est
447 2349 467 2376 r
496 2334 709 2389 quodque
735 2345 821 2385 pe·-

195 2404 283 2436 tere
303 2396 409 2438 licet
429 2425 439 2436 .
459 2393 589 2451 Quod
605 2405 709 2437 vero
726 2404 821 2432 mu-

201 2465 347 2500 tuator
374 2454 491 2501 nolit
523 2454 688 2513 absque
707 2462 819 2496 usu-

1026 197 1071 226 ra
1122 194 1339 226 mutuum
1406 187 1616 242 impertiri
1639 220 1652 238 ,

1025 243 1145 285 illius
1176 247 1374 299 nequitia
1396 259 1487 296 est:
1522 262 1657 302 quare

1028 305 1181 346 oflerre
1217 319 1362 347 usuras
1385 309 1552 349 nemini
1576 321 1655 348 un.

1025 377 1162 417 quam
1202 364 1306 406 licet
1337 395 1348 413 ,
1394 367 1468 407 sed
1508 368 1652 409 solum

1025 436 1233 464 mutuum
1267 436 1414 479 petere
1435 456 1446 473 ‚
1477 440 1526 468 ut
1557 440 1652 467 mu-

1027 493 1104 524 tuo
1138 485 1268 537 possis
1304 496 1388 525 tute
1408 516 1418 533 ,
1448 486 1521 527 vel
1543 488 1649 529 alie-

1023 556 1087 582 nae
1109 545 1356 586 necessitati
1375 547 1609 588 subvenire
1633 577 1647 590 .

1020 601 1124 643 Νοη
1159 604 1293 660 igitur
1341 604 1395 644 ad
1439 606 1647 663 negotia..

1023 662 1191 704 tionem
1245 663 1645 718 amplificandam;

1019 732 1109 762 non
1144 722 1196 762 ad
1224 720 1385 776 majora
1416 725 1531 765 lucra
1564 741 1641 767 ca-

1019 781 1186 835 ptanda
1226 811 1238 830 ‚
1284 783 1360 823 sed
1399 784 1544 826 solum
1586 788 1643 828 ob

1016 853 1170 883 veram
1205 871 1216 889 ‚
1262 838 1308 882 8(
1339 857 1518 900 gravem
1555 861 1642 886 ne-

1017 911 1265 942 cessltatem
1290 931 1303 949 ‚
1335 916 1431 956 quae
1453 906 1642 959 reparari

1017 958 1099 1002 alia
1132 961 1206 1002 via
1244 974 1333 1002 non
1376 975 1522 1016 potest
1543 965 1640 1011 ‚13-

1014 1022 1159 1062 citum
1186 1031 1250 1062 est
1282 1032 1490 1063 mutuum
1533 1022 1638 1079 pete

1014 1093 1061 1120 re
1088 1109 1099 1127 ,
1132 1077 1178 1121 δε
1217 1092 1365 1122 usuias
1392 1083 1550 1136 petitas
1585 1085 1639 1126 ab

1011 1139 1217 1180 usurariis
1250 1140 1416 1182 solvere
1440 1172 1450 1182 .
1485 1142 1638 1185 Proxe-

1009 1211 1122 1240 netae
1157 1212 1259 1255 ergo
1280 1230 1292 1246 ‚
1323 1202 1400 1253 qui
1429 1205 1636 1256 pecunias

1012 1259 1067 1299 ab
1102 1259 1197 1300 ariis
1221 1258 1445 1303 solicitant
1475 1263 1552 1302 sub
1575 1276 1634 1302 u..

1008 1320 1117 1359 suris
1138 1348 1150 1365 ‚
1180 1319 1254 1361 vei
1288 1322 1501 1361 cessiones
1531 1324 1632 1363 chi-

1005 1378 1277 1434 rograforum
1317 1379 1508 1422 offerunt
1555 1393 1634 1435 pro

1006 1439 1166 1479 minori
1200 1439 1364 1493 pretio,
1389 1453 1521 1492 quam
1543 1456 1630 1483 va-

1004 1496 1137 1546 lent3
1170 1498 1468 1540 usurariorum
1517 1516 1629 1555 pec-

1003 1559 1110 1598 catis
1128 1568 1416 1612 cooperantur
1445 1577 1454 1600 :
1490 1560 1629 1601 Simi-

1002 1616 1106 1658 liter
1139 1617 1403 1660 Mercatores
1427 1649 1437 1665 ‚
1468 1622 1545 1673 qui
1569 1635 1629 1660 u-

999 1689 1118 1717 suras
1178 1678 1384 1731 pendunt
1431 1678 1627 1728 viduis,

997 1735 1232 1777 Nobilibus
1265 1767 1276 1783 ‚
1309 1749 1353 1779 et
1390 1738 1484 1780 aiiis
1532 1741 1628 1782 Per-

996 1797 1112 1837 sonis
1130 1826 1141 1843 ‚
1157 1794 1180 1837 a
1202 1798 1361 1850 quibus
1388 1800 1627 1852 pecuniam.

997 1868 1156 1896 mutuo
1188 1869 1454 1910 acceperunt
1474 1889 1486 1906 ‚
1518 1873 1626 1916 gra-

995 1926 1112 1956 viter
1147 1928 1334 1969 peccant
1364 1946 1375 1963 ,
1408 1919 1626 1970 quamdiu

993 1975 1071 2016 hos
1115 1973 1363 2018 contractus
1406 1990 1494 2019 non
1530 1992 1565 2019 r<
1593 2005 1624 2015 .-

993 2035 1186 2076 cindunt
1221 2065 1233 2082 ,
1290 2034 1335 2077 3(
1387 2040 1622 2091 pecuniam

996 2106 1223 2149 acceptam
1247 2099 1621 2141 noni-estimant.

986 2153 1080 2195 Etsi
1123 2152 1177 2193 ad
1227 2155 1312 2195 hoc
1358 2170 1529 2197 necesse
1563 2160 1620 2203 sit

992 2214 1349 2270 negotiationem
1387 2218 1614 2266 minut-re,

989 2273 1063 2315 vel
1105 2273 1360 2315 societatem
1385 2306 1396 2321 ‚
1429 2274 1473 2317 δί
1508 2277 1618 2319 aiios

991 2330 1242 2374 contractus
1274 2335 1376 2386 ipsis
1404 2335 1516 2377 forte
1533 2339 1615 2379 mi-

989 2404 1070 2431 nus
1103 2392 1235 2432 utiles
1263 2393 1376 2435 inire
1397 2425 1407 2435 .
1457 2399 1616 2441 Neces-

986 2453 1090 2494 sitas
1111 2463 1217 2510 ergo
1238 2451 1315 2495 issa
1333 2451 1472 2512 gravis
1488 2486 1499 2504 ‚
1517 2469 1614 2507 oute

1521 2515 1613 2558 lici·
