1889 2863
137 1561 230 1603 Im.

811 120 841 172 C
871 124 981 177 σοι)

257 193 426 230 catores
455 188 598 226 essent
635 179 847 226 euadendi
869 212 883 231 ,

257 258 311 289 ut
346 245 399 286 ab
440 242 527 284 illis
572 243 844 284 abstinerent
868 271 881 284 .

256 307 354 363 Qua
388 304 439 344 de
465 314 592 344 causa
630 299 883 343 Alexander

257 366 340 406 111.
366 365 412 404 in
432 363 542 416 Cap.
581 365 625 402 6.
658 362 711 402 de
744 363 884 402 usuris

258 425 313 466 de
337 420 652 464 mercatoribus
685 420 884 475 loquen-

257 485 342 531 do,
375 483 452 537 qui
481 486 522 522 6.
547 480 751 522 venduut
786 493 883 522 suas

258 555 457 589 merces,
509 538 592 581 fide
635 539 790 581 habita
828 540 883 581 de

255 602 401 658 pretio
432 629 445 649 ‚
486 609 684 652 tempore
727 628 740 646 ,
789 613 881 652 quo

259 663 389 705 dictae
432 671 594 699 merces
635 667 810 699 tanturn
835 666 880 703 5.

255 722 414 766 valent
437 749 448 768 ‚
469 718 642 772 inquit,
666 719 786 770 quod
817 717 881 759 li-

253 793 328 825 cet
350 781 434 821 hoc
460 778 551 820 solo
585 779 755 821 motivo
790 791 881 820 non

257 843 449 884 debeant
469 837 652 879 usurarii
670 838 884 891 reputari,

256 912 459 946 attamen
480 927 492 947 ,
511 907 743 953 peccatum
766 911 884 939 corn-

255 964 430 1003 mitunt
469 989 480 1006 ‚
532 958 615 1014 nisi
666 957 884 999 incertum

253 1022 313 1064 sit
334 1031 485 1062 utrum
511 1029 676 1058 merces
697 1026 886 1071 tempo-

256 1095 304 1124 re
338 1077 570 1122 solutionis
605 1076 702 1132 plus
739 1086 884 1119 essent

255 1141 459 1185 valiturae
480 1166 492 1187 ‚
526 1150 660 1190 quam
686 1146 885 1192 tempore

254 1209 532 1244 contractus,
553 1209 640 1251 qua
670 1195 725 1237 de
755 1208 885 1239 causa

259 1261 369 1304 tales
393 1256 688 1314 negotiatores
722 1255 884 1298 admo-

254 1331 361 1368 net,
383 1329 433 1360 ut
467 1332 488 1358 a
524 1314 741 1357 similibus
768 1329 883 1357 con..

257 1379 471 1424 tractibus
490 1376 745 1418 abstineant
767 1377 884 1418 sive-

254 1440 342 1482 lint
376 1452 453 1480 sue
489 1435 782 1478 Conscientiae
817 1448 882 1477 re.

253 1498 325 1542 cte
351 1496 578 1554 providere
597 1525 608 1537 .

283 1562 518 1613 Emptores
539 1586 550 1603 ‚
570 1555 650 1609 qui
686 1554 879 1607 pecunia

255 1628 488 1662 numerata
521 1625 680 1659 emunt
715 1627 878 1657 merces

254 1680 342 1720 alio
384 1689 584 1732 ternpore
618 1673 879 1721 tradendas,

253 1748 357 1780 sunt
378 1749 513 1779 usurae
540 1750 598 1776 rel
616 1763 628 1784 ,
645 1747 679 1773 si
698 1745 880 1773 mlnorls

259 1807 420 1839 emunt
438 1825 450 1843 ‚
473 1806 606 1848 quam
635 1785 781 1834 rever&
793 1805 880 1834 va—

254 1859 350 1898 lent
371 1866 567 1909 ternpore
593 1861 845 1894 contractus
860 1853 881 1890 2

227 1948 237 1959 .
288 1917 372 1957 Hic
392 1926 511 1955 casus
532 1928 552 1954 a
569 1912 779 1967 Gregorio
798 1911 875 1952 IX.

221 2009 231 2020 .
254 1987 450 2030 expresse
473 1974 639 2014 decisus
657 1969 783 2012 estin
802 1970 880 2012 Ca-

256 2033 402 2092 p.ult.
434 2034 486 2074 de
515 2032 655 2072 usuris
691 2029 758 2070 his
787 2043 880 2072 ver-

257 2097 318 2136 bis
338 2124 347 2134 .
382 2123 407 2141 ‚‚
428 2093 512 2149 Qui
530 2093 607 2135 dat
625 2090 780 2130 elecem
815 2100 882 2131 so-

255 2183 285 2205 „
315 2154 425 2193 lidos
445 2182 457 2200 ‚
484 2162 534 2193 ut
565 2151 650 2191 alio
682 2160 882 2203 tempore

253 2243 284 2263 ,‚
318 2213 505 2256 totidem
557 2210 639 2251 sibi
701 2210 825 2264 grani
865 2239 880 2257 ,

253 2302 284 2322 2,
315 2272 409 2315 vini
434 2301 446 2319 ,
471 2268 544 2313 vel
579 2269 667 2311 olei
705 2282 881 2309 mensu-

254 2360 283 2380 „
314 2344 367 2371 rae
408 2330 675 2376 reddamur,
702 2340 798 2381 quae
831 2327 879 2370 li-

251 2419 281 2440 „
310 2401 385 2432 cet
417 2401 520 2431 tunc
542 2390 640 2443 plus
668 2387 878 2439 valeant,

252 2479 282 2501 ω
310 2462 467 2495 verum
506 2449 605 2506 plus
626 2476 639 2498 2
673 2446 748 2494 vel
783 2451 879 2494 mi...

928 1136 1024 1181 Im.

926 1493 1033 1537 Res.

949 1569 1023 1605 73·

1051 212 1081 234 2,
1115 196 1196 225 nus
1214 179 1447 224 solutionis
1475 187 1676 234 tempore

1055 273 1086 292 „
1115 244 1286 285 fuerint
1312 238 1510 283 valiturae
1531 239 1680 280 ver3s10

1054 332 1083 352 ‚,
1115 305 1280 344 militer
1308 298 1535 341 dubitatur
1555 326 1567 345 ‚
1587 310 1678 338 non

1054 393 1082 412 ,‚
1115 365 1245 404 debet
1265 375 1316 402 cx
1358 356 1437 400 hoc
1460 357 1681 398 usurarius

1054 453 1082 472 ,‚
1116 424 1305 476 reputari
1329 449 1339 460 .
1375 417 1563 459 Ratione
1585 416 1677 455 liu-

1052 512 1079 530 ,‚
1112 480 1177 530 jus
1197 481 1317 521 dubii
1345 475 1677 533 (prosequitur

1047 571 1080 594 ,,
1114 539 1356 591 Pontifex)
1393 539 1525 578 etiarn
1550 547 1680 576 excu-

1049 631 1080 652 ,,
1114 611 1232 642 satur
1251 629 1260 645 ,
1282 603 1357 652 qui
1381 607 1678 652 pannos,gra-

1050 691 1082 711 ‚‚
1114 674 1220 701 num
1247 688 1258 703 ,
1277 659 1436 701 vinum
1459 686 1470 703 2
1488 655 1637 696 oleum
1663 682 1677 701 ‚

1050 750 1081 770 ‚,
1112 720 1182 762 vel
1221 720 1325 760 alias
1357 729 1520 758 merces
1555 726 1677 756 ven-

1051 809 1081 830 „
1113 781 1207 827 dit,
1240 787 1293 820 ut
1330 774 1519 831 amplius
1540 785 1677 828 quam

1052 869 1082 889 ,‚
1114 850 1221 881 tunc
1256 837 1410 879 valent
1458 837 1505 887 in
1557 843 1679 874 certo

1051 928 1082 950 ‚‚
1116 909 1316 952 tempore
1363 895 1549 949 recipiat
1600 903 1678 947 pro

1051 987 1080 1008 ‚,
1112 959 1301 1005 eisdem,
1346 957 1381 996 si
1434 967 1586 997 tamen
1627 964 1678 992 ea

1053 1047 1086 1068 ‚.
1133 1029 1330 1071 tempore
1422 1024 1678 1055 contractus

1049 1106 1081 1128 2,
1116 1089 1206 1120 non
1226 1076 1368 1118 fuerat
1384 1072 1648 1118 venditurus
1664 1099 1678 1112 .

1087 1136 1350 1191 Emptiones
1379 1164 1389 1182 ,
1425 1146 1524 1188 quae
1563 1131 1680 1174 fiunt

1050 1210 1153 1238 cum
1174 1206 1304 1251 pacto
1332 1190 1678 1236 retrovendendi

1051 1256 1322 1312 degenerant
1346 1250 1402 1294 ne
1419 1250 1443 1293 ἐι
1459 1261 1568 1295 vero
1587 1264 1681 1292 em-

1051 1315 1218 1372 ptionis
1238 1323 1496 1361 contractu,
1529 1307 1575 1352 &
1605 1323 1678 1352 na-

1052 1386 1196 1419 turam
1238 1383 1492 1416 contractus
1529 1368 1676 1413 mutui

1050 1436 1285 1477 induunt?

1087 1490 1281 1536 Minime
1303 1523 1313 1535 .
1341 1506 1382 1534 1.
1417 1490 1530 1548 Quia
1572 1502 1677 1530 ern-

1045 1565 1146 1610 ptor
1183 1566 1272 1595 non
1300 1563 1447 1608 potest
1475 1550 1678 1593 vendito-

1048 1627 1142 1656 rem
1186 1613 1383 1669 obligare
1421 1610 1475 1654 ad
1511 1612 1676 1656 iterum

1046 1688 1139 1715 rem
1175 1674 1441 1720 emendam,
1503 1683 1584 1711 nee
1621 1667 1678 1710 ad

1049 1734 1244 1789 pretium
1278 1742 1512 1787 acceptum
1543 1729 1677 1772 resti-

1053 1794 1298 1835 tuendum.
1323 1805 1367 1832 2.
1410 1789 1522 1847 Quia
1551 1790 1677 1844 peri-

1050 1852 1148 1894 cula
1169 1852 1231 1892 rei
1247 1863 1406 1906 emptae
1423 1850 1477 1892 acl
1490 1860 1678 1904 empto-

1045 1925 1137 1953 rem
1179 1921 1420 1966 expectant
1458 1940 1471 1958 ,
1516 1910 1675 1957 eodem

1045 1972 1178 2013 modo
1198 2001 1210 2019 ,
1229 1984 1275 2012 ac
1297 1972 1330 2012 si
1353 1969 1555 2011 venditio
1584 1980 1678 2023 per-

1046 2043 1187 2086 petua
1206 2059 1218 2078 ‚
1250 2028 1295 2071 &
1322 2026 1521 2071 absoluta
1558 2027 1676 2068 fuis-

1046 2103 1114 2132 set
1145 2120 1158 2138 ,
1200 2101 1473 2143 pactumque
1505 2087 1559 2129 de
1600 2101 1677 2129 re-

1050 2148 1353 2194 trovendendo
1374 2147 1558 2190 abesset.
1577 2146 1675 2202 Qua

1047 2211 1103 2252 de
1141 2222 1266 2251 causa
1291 2238 1302 2256 ‚
1337 2207 1418 2250 etsi
1467 2209 1676 2250 venditor

1051 2265 1183 2312 simul
1203 2282 1304 2310 cum
1322 2279 1553 2310 contractu
1571 2278 1674 2310 ven-

1048 2329 1229 2373 ditionis
1258 2326 1395 2369 alium
1418 2325 1674 2370 conductio-

1047 2390 1115 2431 nis
1136 2389 1195 2430 rei
1222 2386 1414 2431 veniitae
1432 2387 1552 2430 ineat
1569 2416 1582 2435 ‚
1601 2399 1675 2427 cu-

1043 2443 1114 2507 jus
1132 2459 1217 2507 ope
1253 2459 1347 2492 rem
1376 2445 1607 2492 venditam
1630 2458 1673 2487 a·

1516 2506 1610 2565 pud
