1889 2863
879 146 1049 198 (82)

295 202 355 243 ibi
387 200 681 256 relinquendo
718 204 772 246 ad
807 217 924 244 com·
1091 214 1155 247 tes
1186 202 1464 250 celebretur,
1504 217 1550 246 ac
1582 218 1721 259 quan..

296 263 480 302 modum
514 262 724 304 tradentis
742 292 754 309 ,
777 262 846 304 ve!
869 263 923 303 ad
1090 263 1145 303 do
1180 264 1321 304 initur
1351 265 1467 305 inter
1493 266 1719 321 Negotia-

297 321 442 375 ipsum
498 322 724 361 afferendo
788 320 923 362 tenue
1091 333 1204 366 tores
1228 323 1499 364 terrestribus
1531 326 1720 380 negotiis

302 383 493 436 pretium
511 395 562 421 ex
583 381 799 421 mercibus
817 396 925 424 ven-
1091 381 1233 422 solum
1255 394 1464 423 vacantes
1483 413 1494 430 ,
1515 395 1720 426 attamen

303 441 403 481 ditis
435 451 722 480 consecutum
752 470 763 480 .
1091 440 1325 482 fatendum
1359 453 1424 484 est
1472 444 1722 497 periculum

179 503 277 544 Int.
327 500 518 554 Quando
550 499 621 538 hic
668 497 927 542 Contraetus
1093 500 1208 542 illud
1244 514 1371 555 supra
1426 516 1609 544 numero
1646 510 1721 550 98.

303 560 459 601 Cambi
492 559 702 600 maritimi
745 570 808 600 est
840 573 929 601 ve-
1096 561 1346 614 expositum
1383 590 1394 607 ‚
1445 576 1500 601 ne
1553 561 1725 609 scilicet

306 632 375 659 rus
402 618 545 657 mutui
571 617 828 659 Contrafftus
850 623 868 658 ‘3
1097 620 1181 660 hoc
1206 664 1211 669 q
1250 619 1417 673 duplici
1491 622 1722 664 Societatis

177 680 284 724 Res.
335 677 521 734 Quando
554 677 659 718 dans
694 679 928 731 pecuniam
1098 676 1325 741 contrac‘hl
1358 692 1485 722 usura
1525 681 1721 736 obtega-

185 751 287 789 115.
310 740 491 781 assumit
514 739 558 778 in
579 751 624 777 se
643 748 817 778 tantum
842 750 931 779 mo·
1103 750 1200 787 tur,
1239 738 1383 780 multo
1408 741 1546 797 magis
1566 743 1727 782 timen-

299 800 356 840 do
382 798 511 838 maris
534 825 546 843 ‚
581 793 627 838 S<
668 798 924 854 navigatio—
1096 799 1200 839 dum
1225 812 1313 839 esse
1349 799 1393 839 in
1422 799 1503 839 hoc
1546 803 1722 842 mariti-

301 860 368 902 nis
407 855 600 912 pericula
623 873 635 906 3
691 868 780 898 non
817 856 926 898 vet-<¹3
1097 871 1174 900 mo
1193 857 1447 904 contrac‘tu,
1465 873 1597 913 quam
1621 862 1665 901 in
1685 876 1722 903 a·

301 917 498 974 pericula
559 915 873 972 negotiationis
907 933 921 966 ;
1095 918 1193 958 liis:
1245 919 1305 959 ita
1343 930 1393 958 ut
1429 920 1517 959 fere
1550 933 1724 974 semper

301 981 364 1021 ita
399 988 452 1018 ut
496 977 647 1018 statim
699 990 747 1016 ac
786 976 923 1017 Navis
1091 977 1163 1018 hic
1183 976 1456 1024 contradus,
1484 980 1603 1021 inter
1638 995 1724 1022 ma-

301 1038 358 1083 ad
404 1034 584 1078 Portum
648 1036 924 1077 destinatum
1089 1037 1287 1078 ritimam
1307 1039 1449 1079 vitam
1482 1052 1667 1094 agentes
1689 1042 1722 1080 i·

300 1097 533 1154 pervenit,
573 1096 605 1136 is
651 1097 728 1149 qui
781 1108 923 1150 pecu-
1091 1097 1247 1144 nitus,
1304 1098 1424 1138 aliud
1478 1111 1568 1139 non
1610 1100 1665 1140 sit
1709 1130 1723 1147 ,

298 1158 420 1201 niam
453 1156 625 1210 accepit
646 1156 804 1199 debeat
823 1169 924 1197 eam
1093 1169 1227 1210 quarn
1248 1168 1406 1209 purum
1430 1169 1638 1199 mutuum
1655 1160 1724 1201 fne-

294 1216 514 1262 Creditori
537 1246 549 1264 ‚
590 1217 665 1268 qui
706 1215 921 1264 tradidit,
1063 1255 1066 1258 ,
1095 1229 1198 1258 nera
1215 1216 1364 1257 titium
1390 1248 1400 1258 .

297 1279 529 1320 restituere
552 1306 563 1323 ‚
601 1273 841 1317 &lucrum
877 1275 924 1315 in
984 1275 1080 1317 Im.
1128 1277 1206 1318 Est
1228 1273 1282 1316 ne
1320 1276 1564 1317 usurarium
1597 1276 1724 1319 Cam-

297 1339 383 1380 hoc
404 1349 505 1378 casu
543 1336 808 1391 promissum
843 1335 927 1376 sol·
1101 1336 1223 1376 bium
1256 1338 1530 1378 maritimum
1566 1351 1641 1391 per
1659 1339 1727 1381 vi-

296 1411 399 1442 vere
420 1415 434 1448 3
466 1397 573 1438 licet
595 1409 648 1437 ex
680 1408 729 1436 ea
753 1396 930 1453 naviga·
1095 1408 1166 1436 am
1187 1397 1334 1436 mutui
1371 1398 1567 1437 initum?

300 1460 424 1501 tione
471 1468 562 1498 non
624 1455 797 1496 lucrum
847 1454 924 1496 sed
971 1453 1074 1497 Res.
1121 1455 1163 1496 Si
1182 1453 1353 1495 lucrum
1377 1456 1497 1510 quod
1522 1471 1575 1497 ex
1601 1456 1726 1497 Cam-

299 1519 513 1559 damnum
563 1525 759 1572 reportet
793 1531 807 1565 ;
851 1514 925 1557 vel
979 1516 1168 1563 117.bio
1202 1517 1425 1557 maritimo
1448 1546 1461 1562 ‚
1494 1530 1571 1568 per
1599 1518 1723 1559 viam

300 1579 358 1620 ob
393 1576 606 1618 mercium
639 1575 927 1622 vitium‚vel
1095 1576 1243 1617 mutui
1277 1576 1389 1618 inito
1428 1577 1724 1629 exigitur‚ra-

297 1638 355 1680 ob
384 1647 640 1692 emptorum
656 1634 930 1684 deffectum,
1097 1637 1221 1678 tione
1243 1635 1376 1689 ipsius
1398 1637 1542 1677 mutui
1566 1638 1726 1692 exiga-

297 1698 371 1742 vel
390 1699 446 1739 ob
475 1695 581 1738 alias
611 1708 761 1736 causas
790 1698 834 1736 in
861 1708 929 1736 co·
1097 1705 1202 1744 tur.;
1224 1695 1307 1736 hoc
1328 1708 1391 1738 est
1418 1697 1588 1738 ratione
1608 1697 1726 1739 favo-

302 1758 462 1800 mertio
496 1756 814 1810 contingentes
832 1785 842 1796 .
1094 1756 1151 1797 ris
1171 1785 1183 1802 ,
1216 1751 1261 1795 8(
1280 1755 1428 1811 gratiae
1448 1787 1460 1804 ‚
1492 1768 1588 1809 quae
1619 1769 1726 1797 mu·-

185 1824 284 1866 Int,
333 1818 411 1859 Est
446 1830 501 1857 ne
527 1816 773 1857 usurarium
789 1814 929 1857 Cam-
1098 1826 1229 1856 tuum
1282 1816 1428 1857 dando
1479 1816 1725 1873 Naviganti

308 1879 428 1919 bium
465 1876 743 1918 Maritimum
765 1876 929 1918 initum
1096 1876 1407 1929 impenditur,
1457 1875 1503 1919 St
1551 1878 1726 1920 ratione

306 1952 382 1994 per
394 1938 514 1980 viam
533 1935 763 1977 Societatis
784 1965 796 1976 .
1099 1933 1208 1975 lucri
1236 1966 1247 1981 ,
1265 1934 1310 1978 ’ἃ
1329 1936 1539 1979 utilitatis
1557 1966 1568 1983 ‚
1587 1950 1724 1991 quam

189 2002 291 2047 Res.
338 2000 389 2039 In
413 1998 494 2037 hoc
516 2008 616 2037 casu
638 1992 732 2042 iure
764 2002 933 2036 naturae
1099 1995 1135 2035 is
1153 1995 1329 2038 reffert-e
1343 2008 1489 2051 sperat
1512 2010 1567 2039 ex
1596 2010 1726 2053 pecu-

196 2056 502 2114 116.spec‘iato
523 2066 589 2097 est
626 2055 678 2094 ab
700 2067 827 2096 usura
856 2056 935 2094 irn-
1100 2054 1183 2095 uiae
1219 2068 1301 2096 usu
1324 2086 1335 2103 ,
1373 2055 1495 2099 illam
1535 2058 1725 2113 negotiis

307 2131 445 2160 mune
466 2146 478 2163 ‚
523 2115 768 2157 dummodo
800 2116 932 2156 inea—
1100 2116 1338 2157 maritimis
1383 2116 1724 2172 impendend03

310 2191 383 2220 tur
422 2191 523 2217 cum
562 2175 891 2216 conditionibus
920 2204 933 2222 ‚
1100 2185 1210 2217 tune
1233 2175 1480 2219 conti-adius
1500 2178 1582 2218 erit
1602 2187 1724 2218 certe

308 2236 353 2280 δε
377 2235 509 2291 paffis
529 2234 736 2289 expositis
757 2249 804 2276 n.
827 2239 898 2280 98,
915 2264 929 2281 ‚
1033 2278 1035 2280 ,
1099 2233 1389 2277 faeneratitius
1410 2255 1419 2277 :
1457 2248 1654 2280 attamen
1688 2237 1724 2278 si

307 2299 412 2352 quia
459 2292 706 2337 conti-astus
764 2294 931 2347 duplex
1100 2294 1290 2348 pecunia
1350 2298 1483 2351 gratis
1539 2297 1722 2337 omnino

305 2358 541 2400 societatis
606 2367 728 2407 equae
783 2353 931 2395 licitus
1098 2366 1258 2396 mutuo
1282 2355 1435 2404 detur,
1470 2354 1516 2399 ἃ
1553 2357 1722 2397 lucrum

302 2428 397 2465 est,
419 2418 451 2457 si
475 2418 591 2457 inter
630 2415 898 2455 Mei-catores
915 2443 928 2463 2
1097 2425 1189 2454 non
1211 2415 1413 2468 exigatur
1432 2417 1602 2458 ratione
1632 2429 1726 2455 mu-

303 2476 585 2522 Maritimam
618 2474 764 2519 vitam
799 2485 927 2530 agen·
1089 2473 1200 2522 sui,
1232 2476 1310 2517 sed
1348 2478 1520 2521 ratione
1557 2473 1724 2522 titulo-

1621 2546 1719 2577 rum
