1889 2863
149 2246 243 2289 Im.

836 99 1007 162 (5⁶)

153 159 256 201 Res.
303 159 429 200 Hanc
447 167 579 211 paenae
596 153 898 212 adjectionem

173 226 248 260 60.
271 219 315 260 in
338 228 493 258 mutuo
527 216 751 270 Hispaniae
779 218 898 274 leges

274 277 505 333 prohibere
534 287 585 317 ut
615 287 750 317 usurze
776 288 897 333 tegu-

269 347 474 380 mentum
494 352 507 385 ·,
530 334 575 376 &
597 346 773 378 tantum
802 349 898 376 mu-

268 396 500 440 tuantibus
522 395 791 450 permittunt
823 397 896 438 sti-

268 457 420 512 pulare
435 455 894 508 recompensationem

267 516 472 557 omnium
511 515 773 556 damnorum
795 544 808 561 ‚
846 512 895 555 ἃ.

267 585 555 630 expensarum
574 603 585 621 ‚
604 586 714 628 quas
745 574 895 614 credi-

268 647 337 678 tor
355 634 411 675 ob
431 633 612 676 dilatam
633 633 756 675 sortis
775 634 894 675 resti-

267 695 492 736 tutionem
540 694 736 747 patiatur
757 710 767 734 ε
810 690 894 736 l'ae-

268 769 325 796 na
347 767 464 810 ergo,
492 765 591 807 quae
607 751 895 806 stipularetur

266 826 500 868 nunquam
534 811 716 852 modum
764 810 895 866 huJus

270 871 696 928 recompensationis
717 872 897 914 excede-

265 949 314 976 re
339 942 510 988 posset,
529 940 582 974 ut
613 928 673 971 A.
694 929 753 973 A.
774 931 895 973 hunc

267 997 341 1036 tit.
367 993 633 1034 admirentes
656 1000 891 1034 testantur.

265 1055 410 1111 Leges
440 1052 540 1107 ipsae
560 1052 861 1093 Romanorum
879 1082 892 1101 ‚

263 1126 363 1168 quae
384 1125 534 1153 usuras
552 1111 598 1151 in
625 1111 894 1154 determina-

267 1184 311 1216 ta
333 1172 589 1227 quantitate
617 1170 891 1225 probabant,

264 1233 381 1274 hanc
418 1244 549 1286 paenae
587 1226 889 1278 adiectionem

265 1293 313 1334 in
332 1303 490 1333 mutuo
511 1289 819 1340 damnabant3
841 1291 890 1331 in

264 1361 490 1406 quantum
521 1349 707 1390 modum
731 1324 892 1405 legiti-

266 1424 440 1453 marum
461 1421 708 1456 usurarum,
727 1420 780 1451 ut
808 1409 891 1464 ipsi

265 1471 566 1526 loquebantur
580 1499 593 1516 ‚
615 1469 856 1511 excedebat
876 1498 889 1511 .

263 1533 335 1574 En
354 1531 486 1573 verba
526 1527 635 1586 Iegis
672 1541 746 1577 44.
769 1529 814 1570 ff.
839 1527 893 1570 de

264 1591 431 1632 usuris:
454 1586 657 1630 paenam
686 1602 772 1645 pro
792 1602 895 1630 usu·

263 1651 328 1693 cis
345 1649 565 1706 stipulare
581 1660 712 1689 nemo
732 1661 893 1704 supra·

265 1713 445 1752 modum
499 1720 738 1749 usmmum
782 1708 891 1749 lici-

266 1779 532 1824 rumpotest:
553 1767 639 1824 Qui
659 1779 760 1825 ergo
777 1768 892 1809 hane

265 1842 436 1886 paenam
475 1825 720 1880 adjiciunt,
753 1839 893 1870 usurae

266 1901 412 1931 coram
448 1887 545 1928 Deo
580 1887 639 1928 rei
661 1897 766 1929 sunt
788 1900 893 1927 cum

267 1950 381 1990 hanc
427 1960 595 2001 paenam
633 1959 719 1987 non
759 1959 895 2001 appo-

269 2019 394 2053 nant,
418 2007 500 2047 nisi
523 2007 606 2046 sub
628 2018 702 2059 spe
723 2003 892 2060 aliquid

268 2082 322 2108 ex
369 2076 602 2107 contractu
643 2068 789 2106 mutui
830 2064 893 2106 lu-

268 2127 417 2167 crandi
437 2155 448 2170 ‚
465 2124 582 2177 quod
603 2124 822 2165 Dominus
843 2125 891 2167 in

266 2185 516 2240 Evangelio
536 2184 739 2237 prohibet
761 2214 773 2225 .

299 2246 414 2300 Quid
451 2242 688 2283 dicendum
727 2254 791 2286 est
836 2242 893 2284 de

270 2304 406 2346 titulo
443 2302 548 2342 lucri
588 2303 894 2352 advenientis,

266 2361 290 2405 ὲ
320 2363 505 2416 josepho
553 2362 694 2402 Maria
730 2363 897 2404 Nasar-

283 2423 422 2465 rondo
469 2422 646 2465 noviter
681 2422 898 2477 producto

940 996 1045 1039 Res.

961 1064 1036 1099 61.

942 2305 1037 2348 lnt.

1064 163 1112 205 in
1131 170 1209 204 suo
1227 171 1359 216 opere
1380 157 1497 215 typis
1530 158 1688 203 Matri-

1066 223 1264 266 tensibus
1297 222 1343 260 in
1365 220 1510 259 lucem
1532 219 1651 261 edito
1671 248 1687 268 ,

1065 285 1137 325 cui
1161 281 1318 324 titulus
1348 290 1435 320 est:
1468 279 1689 333 Comercii

1066 352 1362 399 augmentum
1402 351 1506 379 cum
1555 339 1690 380 eons-

1065 402 1235 443 cientiae
1252 400 1504 441 securitate:
1526 399 1689 440 consis-

1064 461 1143 503 stit
1181 460 1253 501 hic
1277 459 1434 501 titulus
1455 460 1501 498 in
1517 457 1688 499 utilita-

1065 531 1128 567 te,
1148 532 1281 573 quam
1317 519 1610 559 mutuatarius
1631 528 1689 559 ex

1063 590 1222 620 mutuo
1240 578 1429 633 percipit
1449 605 1462 623 ‚
1489 575 1535 618 &
1554 577 1600 618 in
1622 575 1687 617 lu-

1061 652 1135 681 cro
1162 638 1282 693 quod
1301 646 1496 692 reportat
1532 649 1585 679 ex
1602 648 1688 677 usu

1060 698 1260 754 pecuniae
1282 707 1439 738 mutuo
1460 706 1652 750 acceptae
1668 723 1686 744 ,

1062 766 1209 814 potest
1228 770 1283 798 ne
1315 767 1527 801 mutuans
1557 755 1687 796 ratio-

1063 832 1121 859 ne
1139 818 1261 858 istius
1285 815 1404 858 tituli
1434 814 1601 868 aliquid
1621 813 1686 855 ul-

1065 888 1130 920 tra
1160 887 1319 917 sortem
1353 872 1378 916 ὲ
1411 874 1690 917 mutuatario

1067 937 1235 993 exigere
1254 938 1273 975 52

1097 995 1223 1038 Nihil
1269 995 1455 1036 omnino
1514 993 1687 1035 ratione

1060 1053 1193 1104 huius
1216 1054 1317 1096 novi
1342 1053 1463 1094 tituli
1485 1052 1593 1093 lucri
1616 1051 1688 1093 ad-

1059 1115 1283 1159 venientis
1304 1142 1316 1159 ‚
1346 1127 1368 1154 a
1411 1112 1688 1155 mutuatario

1062 1186 1208 1231 potes-t
1228 1172 1343 1216 ultra
1362 1183 1522 1213 sortem
1545 1173 1688 1230 exige.

1061 1249 1104 1279 re
1126 1235 1290 1288 absque
1312 1245 1450 1274 usurae
1466 1233 1602 1275 vitio:
1631 1232 1688 1275 U·
1732 1240 1738 1248 ’

1059 1307 1166 1336 surae
1210 1294 1329 1334 enim
1364 1302 1598 1360 peccatum
1632 1301 1689 1336 ut

1060 1363 1215 1401 n.14.
1255 1351 1426 1394 dictum
1457 1362 1523 1394 est
1556 1353 1601 1393 in
1633 1364 1686 1393 eo

1061 1410 1228 1470 precise
1266 1411 1468 1454 consistit
1506 1440 1519 1459 ‚
1566 1409 1689 1466 quod

1060 1482 1292 1514 mutuator
1314 1465 1690 1528 exigatamutua-

1063 1534 1176 1576 tario
1195 1530 1364 1585 aliquid
1387 1530 1506 1572 ultra
1525 1541 1688 1573 sortem

1061 1593 1233 1635 ratione
1253 1590 1437 1639 favoris,
1469 1587 1516 1632 &
1546 1589 1689 1631 bene-

1059 1652 1141 1694 fitii
1163 1682 1176 1699 ‚
1191 1651 1312 1705 quod
1338 1661 1546 1695 mutuum
1583 1649 1690 1691 dan·

1059 1712 1148 1754 do
1139 1712 1222 1766 lpsi
1239 1711 1496 1764 impertitur
1514 1738 1527 1757 ‚
1557 1706 1604 1751 ἃ
1625 1721 1690 1750 ra-

1063 1773 1186 1814 tione
1202 1768 1449 1818 utilitatis,
1480 1765 1527 1812 &
1547 1767 1688 1817 lucri,

1060 1831 1183 1887 quod
1220 1843 1275 1872 ex
1301 1842 1382 1870 usu
1410 1829 1541 1884 ipsius
1558 1839 1689 1882 pecu-

1061 1892 1145 1934 niae
1174 1899 1333 1930 mutuo
1370 1897 1560 1942 acceptae
1590 1900 1687 1928 mu-

1062 1950 1277 1994 tuatalius
1323 1957 1520 2003 reportat
1563 1946 1688 1988 hunc

1062 2022 1165 2067 ergo
1184 2006 1369 2050 titulum
1390 2005 1600 2049 inducere
1621 2015 1691 2050 est

1060 2081 1207 2109 usuras
1256 2077 1407 2121 aperte
1454 2066 1636 2121 probare
1672 2093 1688 2107 .

1060 2128 1158 2169 Hec
1190 2138 1255 2168 est
1289 2140 1354 2168 res
1384 2126 1492 2168 adeo
1524 2124 1683 2179 perspi·

1061 2200 1142 2228 cua
1164 2216 1175 2232 ‚
1195 2196 1247 2227 ut
1266 2186 1463 2227 ulteriori
1481 2184 1690 2228 ’discusio-

1062 2259 1118 2286 ne
1139 2259 1228 2287 non
1251 2244 1450 2301 indigeat
1466 2275 1478 2286 .

1095 2305 1174 2346 Est
1194 2319 1250 2346 ne
1270 2317 1442 2357 semper
1468 2313 1604 2346 usurae
1622 2314 1690 2343 re-

1064 2377 1142 2413 us,
1173 2365 1252 2417 qui
1281 2364 1471 2418 percipit
1509 2364 1687 2405 lucrum

1066 2437 1121 2466 ex
1160 2435 1242 2466 usu
1273 2423 1473 2480 pecuniae
1496 2452 1511 2474 ‚
1548 2431 1685 2477 quam

1579 2480 1655 2522 al-
