1889 2863
807 161 981 214 (ss)

256 234 437 279 tempus
470 217 765 265 contrahere,
810 221 858 263 Sc

252 283 492 340 pecuniam
509 281 564 321 ad
596 292 771 321 usuram
791 281 860 322 da-

249 358 297 385 re
315 376 326 393 ,
358 354 504 396 neque
525 339 739 394 Principis
772 356 859 383 au-

249 405 457 446 ctoritate
476 401 565 443 fieri
581 411 727 455 potest
750 432 760 444 .
778 405 860 444 Ro-

250 464 372 504 mani
436 463 730 516 Imperatores
781 477 858 506 sua

247 535 453 578 suprema
494 521 777 582 Auctoritate
797 536 860 562 u·-

247 596 370 623 suras
401 584 449 623 in
473 581 732 635 quantitate
754 597 776 624 a
800 583 860 625 le-

247 645 378 698 gibus
412 642 611 684 deffinita
646 643 857 696 approba-

247 705 381 749 bant,
412 706 480 744 uti
525 700 678 744 videre
711 714 777 745 est
806 704 852 744 in

253 763 389 805 titulo
419 763 474 803 de·
512 763 655 802 usuris
674 791 684 809 2
702 760 747 803 ἃ
764 763 854 803 fru-

246 823 419 871 ctibus,
452 820 497 864 St
522 822 660 870 alibi,
693 819 738 864 St
775 824 854 863 ni·-

244 883 490 925 hilominus
527 882 724 924 Ecclesia
740 895 850 925 sern-

246 957 325 1000 per
347 956 499 986 usuras
528 942 744 985 detestata
770 955 850 992 est,

240 1018 402 1058 easque
438 1016 590 1045 severe
622 1003 853 1058 prohibuit

240 1065 310 1109 uti
348 1064 521 1106 Divinze
552 1065 657 1121 Legi
702 1076 850 1118 oppo-

238 1125 344 1166 sitas
362 1155 373 1173 ,
404 1135 450 1165 ut
474 1134 649 1165 constat
667 1137 717 1166 ex
735 1123 853 1167 Con·

239 1184 347 1226 cilio
380 1184 551 1226 Niceno
574 1184 683 1225 Can.
705 1189 775 1225 18.
800 1182 847 1226 8(

238 1259 292 1286 ex
344 1245 556 1286 Conciliis
625 1241 847 1286 Africanis

239 1316 446 1360 tempore
467 1304 616 1347 Sancti
636 1302 845 1361 Augusti-

228 1365 282 1405 *ni
334 1365 498 1407 habitis
532 1395 542 1406 .
595 1365 691 1410 Jarn
740 1375 845 1407 vero

242 1425 411 1467 Sanctae
439 1425 645 1466 Ecclesiae
666 1425 813 1467 Patres
831 1454 843 1473 ,

239 1486 458 1540 praecipue
504 1484 692 1527 Sanctus
724 1483 846 1526 Am-

241 1543 402 1587 brosius
450 1576 462 1593 ‚
521 1542 800 1603 Augustinus
835 1575 848 1593 ,

238 1603 538 1660 Hieronymus
560 1635 572 1653 ‚
608 1605 846 1661 Gregorius

236 1664 578 1715 Nazianzenus,
628 1666 844 1716 Basilius,

239 1721 286 1764 ἃ
319 1725 532 1781 alii‚·qui
577 1727 623 1766 in
673 1726 845 1768 ditione

238 1783 433 1827 Romani
485 1786 665 1841 Imperii
708 1786 846 1828 vive-

244 1845 384 1892 bant,
437 1843 618 1900 ejusque
666 1845 844 1903 legibus

239 1903 590 1952 subjiciebantur
617 1936 631 1954 ‚
687 1907 845 1947 acriter

235 1977 383 2006 usuras
420 1966 626 2008 insectati
656 1978 763 2010 sunt
792 1976 846 2009 ut

235 2022 413 2065 lucrum
446 2025 539 2069 Deo
553 2039 726 2067 summe
748 2036 848 2067 exo-

236 2096 333 2124 sum
370 2114 384 2133 ‚
437 2083 483 2127 &
545 2086 844 2128 abominabile

241 2144 355 2184 nihil
378 2145 420 2184 in
441 2145 521 2186 hac
545 2159 589 2186 re
623 2145 741 2203 leges
757 2146 843 2188 Im·

238 2204 350 2256 perii
386 2203 577 2246 Romani
626 2206 841 2247 facientes

236 2275 342 2302 cum
375 2264 538 2306 scirent
568 2264 740 2307 Divinae
762 2265 843 2305 Le·

234 2322 281 2377 gi
305 2334 394 2362 esse
413 2324 604 2380 opositas
620 2354 629 2364 .
648 2324 690 2364 Si
709 2324 842 2366 Prin-

244 2383 363 2435 cipes
380 2386 470 2422 suo'
497 2382 588 2425 alto
629 2384 841 2426 Dominio

227 2443 492 2495 potuissent
529 2442 670 2485 facere
692 2474 704 2492 ‚
722 2443 842 2498 quod

232 2501 414 2547 licitum
451 2502 541 2546 suis
576 2503 764 2550 subditis
784 2517 846 2548 es·

884 2563 925 2632 ς

1025 229 1094 264 set
1139 220 1418 267 moder-amm
1459 224 1637 268 lucrum

1028 296 1084 324 ex
1117 285 1306 338 pecunia
1342 294 1504 327 mutuo
1531 284 1637 329 data

1028 343 1206 399 exigere
1229 373 1241 392 ,
1282 343 1412 386 8138.
1443 341 1556 389 121¹„
1588 343 1636 387 &

1031 402 1229 445 Ecclesia
1282 404 1498 447 Universa
1560 418 1636 447 re-

1026 463 1320 518 prehensione
1358 465 1486 521 digni
1518 465 1636 506 fuis-

1030 534 1130 565 sent
1149 553 1162 571 ,
1193 524 1311 578 quod
1341 537 1490 567 usuras
1513 555 1525 573 ‚
1558 537 1635 566 seu

1027 582 1202 627 lucrum
1235 599 1288 626 ex
1328 597 1487 627 mutuo
1531 586 1634 627 exi-

1024 657 1157 701 gere,
1195 655 1247 686 ut
1282 657 1374 686 rem
1410 647 1634 687 abomina-

1028 703 1194 752 bilem,
1229 701 1274 745 &
1313 719 1334 747 a
1374 705 1467 747 Deo
1486 705 1633 760 prohi-

1023 764 1163 807 bitam
1180 762 1532 808 condemnarent
1553 796 1565 814 .
1584 767 1635 808 in

1025 825 1118 878 ipsa
1156 826 1347 866 Romani
1367 825 1549 880 Imperii
1571 827 1638 868 di·

1025 885 1180 934 tione,
1201 885 1276 926 ubi
1297 885 1380 939 ipsi
1398 885 1633 935 vivebant,

1022 941 1070 985 ἃ
1092 945 1475 987 concionabantur
1496 975 1508 993 ,
1526 958 1631 988 curn

1023 1003 1140 1046 iilud
1173 1002 1348 1046 lucrum
1379 1005 1424 1045 in
1453 1008 1634 1060 quanti·

1026 1074 1120 1107 tate
1150 1066 1308 1122 exigua
1340 1075 1544 1107 exaCtum
1567 1067 1629 1109 ibi

1020 1124 1198 1167 licitum
1232 1153 1245 1173 ‚
1297 1122 1343 1166 &
1390 1125 1631 1168 honestum

1020 1183 1180 1226 fuisset
1216 1185 1425 1240 supositis
1456 1185 1631 1244 legibus

1018 1244 1195 1300 imperii
1235 1244 1353 1287 illud
1404 1247 1630 1301 probanti·

1018 1306 1124 1353 bus,
1158 1305 1281 1360 quod.
1307 1316 1427 1348 certe
1462 1307 1626 1357 dicere,

1012 1365 1084 1408 vel
1123 1366 1374 1425 excogitare
1392 1380 1624 1410 summurn

1018 1424 1143 1467 nefas
1173 1436 1315 1468 esset.
1349 1426 1479 1470 Porro
1514 1427 1626 1470 adeo

1014 1485 1215 1527 Ecclesia
1264 1487 1409 1528 aliena
1468 1497 1535 1531 est
1570 1489 1625 1530 ab

1014 1557 1159 1588 errore
1188 1559 1341 1588 eorum
1366 1576 1379 1594 ,
1411 1549 1489 1602 qui
1518 1562 1626 1589 asse-

1014 1615 1121 1648 runt
1155 1605 1379 1660 Principes
1421 1621 1498 1648 suo
1532 1607 1625 1652 alto

1012 1665 1230 1709 Dominio
1303 1681 1430 1722 posse
1475 1680 1626 1711 usuras

1015 1727 1249 1769 honestare
1286 1756 1301 1774 ,
1356 1738 1433 1771 aut
1479 1727 1625 1770 facere

1011 1785 1133 1841 quod
1189 1783 1363 1828 lucrum
1413 1789 1623 1830 modera-

1015 1857 1112 1890 tum
1142 1860 1200 1887 ex
1219 1857 1380 1890 mutuo
1400 1860 1624 1897 exactum,

1012 1919 1147 1948 usura
1178 1919 1271 1949 non
1307 1909 1367 1952 sit
1389 1938 1401 1957 ‚
1439 1909 1514 1950 sed
1530 1909 1624 1950 lici-

1014 1978 1060 2010 ta
1097 1968 1302 2017 exactio,
1339 1968 1460 2022 quod
1501 1979 1622 2010 certe
1686 1972 1692 1975 ’

1014 2027 1135 2069 idern
1168 2038 1260 2075 est,
1286 2041 1336 2070 ac
1367 2041 1517 2071 usuras
1557 2027 1623 2069 li-

1015 2088 1129 2128 citas
1148 2087 1354 2137 reddere,
1383 2090 1493 2131 utin
1509 2088 1626 2134 Con-

1009 2145 1118 2188 cilio
1148 2147 1349 2204 generali
1398 2147 1626 2191 Viennen-

1012 2208 1047 2248 si
1070 2237 1082 2254 ‚
1111 2206 1193 2249 sub
1218 2209 1490 2266 gravissimis
1523 2223 1621 2264 pae-

1011 2268 1081 2308 nis
1112 2269 1371 2323 praeceperit
1410 2271 1622 2312 omnibus

1012 2327 1342 2377 potestatibus,
1389 2325 1435 2372 8ἰ
1465 2342 1621 2373 recto-e-

1011 2387 1131 2428 ribus
1150 2390 1547 2438 communitatum,
1567 2400 1621 2434 ut

1013 2446 1131 2488 intra
1159 2457 1243 2489 tres
1281 2461 1452 2491 menses
1484 2463 1620 2492 revo-

1012 2517 1164 2551 carent
1183 2536 1197 2558 ,
1233 2504 1280 2551 ἃ
1307 2509 1430 2553 irrita
1462 2508 1622 2552 decla-

1543 2582 1620 2612 ra-
