<?xml version="1.0" encoding="UTF-8"?>
<!DOCTYPE html PUBLIC "-//W3C//DTD XHTML 1.0 Transitional//EN"
    "http://www.w3.org/TR/xhtml1/DTD/xhtml1-transitional.dtd">
<html xmlns="http://www.w3.org/1999/xhtml" xml:lang="en" lang="en">
 <head>
  <title>
</title>
<meta http-equiv="Content-Type" content="text/html;charset=utf-8" />
  <meta name='ocr-system' content='tesseract 3.04.00' />
  <meta name='ocr-capabilities' content='ocr_page ocr_carea ocr_par ocr_line ocrx_word'/>
</head>
<body>
  <div class='ocr_page' id='page_1' title='image "./tractatusdemutuo00corruoft_0020.png"; bbox 0 0 1889 2863; ppageno 0'>
   <div class='ocr_carea' id='block_1_1' title="bbox 136 421 230 464">
    <p class='ocr_par' dir='ltr' id='par_1_1' title="bbox 136 421 230 464">
     <span class='ocr_line' id='line_1_1' title="bbox 136 421 230 464; baseline 0.021 -2"><span class='ocrx_word' id='word_1_1' title='bbox 136 421 230 464; x_wconf 79' lang='lat' dir='ltr'><strong>lm.</strong></span> 
     </span>
    </p>
   </div>
   <div class='ocr_carea' id='block_1_2' title="bbox 154 2278 258 2320">
    <p class='ocr_par' dir='ltr' id='par_1_2' title="bbox 154 2278 258 2320">
     <span class='ocr_line' id='line_1_2' title="bbox 154 2278 258 2320; baseline 0 0"><span class='ocrx_word' id='word_1_2' title='bbox 154 2278 258 2320; x_wconf 79' lang='lat' dir='ltr'><strong>Res.</strong></span> 
     </span>
    </p>
   </div>
   <div class='ocr_carea' id='block_1_3' title="bbox 189 2345 260 2382">
    <p class='ocr_par' dir='ltr' id='par_1_3' title="bbox 189 2345 260 2382">
     <span class='ocr_line' id='line_1_3' title="bbox 189 2345 260 2382; baseline 0 -2"><span class='ocrx_word' id='word_1_3' title='bbox 189 2345 260 2382; x_wconf 78' lang='lat'><strong>15.</strong></span> 
     </span>
    </p>
   </div>
   <div class='ocr_carea' id='block_1_4' title="bbox 252 359 874 2634">
    <p class='ocr_par' dir='ltr' id='par_1_4' title="bbox 252 359 874 2634">
     <span class='ocr_line' id='line_1_4' title="bbox 252 359 793 418; baseline -0.006 -13"><span class='ocrx_word' id='word_1_4' title='bbox 252 362 449 418; x_wconf 72' lang='lat' dir='ltr'><strong>pecuniae</strong></span> <span class='ocrx_word' id='word_1_5' title='bbox 477 372 634 403; x_wconf 87' lang='lat' dir='ltr'><strong>mutuo</strong></span> <span class='ocrx_word' id='word_1_6' title='bbox 651 359 762 406; x_wconf 71' lang='lat' dir='ltr'><strong>datae</strong></span> <span class='ocrx_word' id='word_1_7' title='bbox 782 391 793 404; x_wconf 91' lang='lat'><strong>.</strong></span> 
     </span>
     <span class='ocr_line' id='line_1_5' title="bbox 319 422 856 476; baseline -0.002 -12"><span class='ocrx_word' id='word_1_8' title='bbox 319 422 434 464; x_wconf 85' lang='lat' dir='ltr'><strong>Cum</strong></span> <span class='ocrx_word' id='word_1_9' title='bbox 474 431 683 462; x_wconf 85' lang='lat' dir='ltr'><strong>mutuans</strong></span> <span class='ocrx_word' id='word_1_10' title='bbox 723 449 736 468; x_wconf 89' lang='lat'>‚</span> <span class='ocrx_word' id='word_1_11' title='bbox 776 422 856 476; x_wconf 85' lang='lat' dir='ltr'><strong>qui</strong></span> 
     </span>
     <span class='ocr_line' id='line_1_6' title="bbox 253 479 857 537; baseline 0 -14"><span class='ocrx_word' id='word_1_12' title='bbox 253 482 394 537; x_wconf 82' lang='lat' dir='ltr'>exigit</span> <span class='ocrx_word' id='word_1_13' title='bbox 425 479 594 536; x_wconf 77' lang='lat' dir='ltr'><strong>aliquid</strong></span> <span class='ocrx_word' id='word_1_14' title='bbox 629 495 652 522; x_wconf 86' lang='lat' dir='ltr'>a</span> <span class='ocrx_word' id='word_1_15' title='bbox 683 491 857 524; x_wconf 80' lang='lat' dir='ltr'><strong>mutua-</strong></span> 
     </span>
     <span class='ocr_line' id='line_1_7' title="bbox 257 541 857 596; baseline -0.002 -13"><span class='ocrx_word' id='word_1_16' title='bbox 257 543 371 584; x_wconf 82' lang='lat' dir='ltr'><strong>tario</strong></span> <span class='ocrx_word' id='word_1_17' title='bbox 403 541 522 582; x_wconf 84' lang='lat' dir='ltr'><strong>ultra</strong></span> <span class='ocrx_word' id='word_1_18' title='bbox 571 551 734 582; x_wconf 88' lang='lat' dir='ltr'>sortem</span> <span class='ocrx_word' id='word_1_19' title='bbox 776 541 857 596; x_wconf 86' lang='lat' dir='ltr'><strong>ipsi</strong></span> 
     </span>
     <span class='ocr_line' id='line_1_8' title="bbox 254 600 859 643; baseline -0.002 -2"><span class='ocrx_word' id='word_1_20' title='bbox 254 612 415 643; x_wconf 80' lang='lat' dir='ltr'><strong>mutuo</strong></span> <span class='ocrx_word' id='word_1_21' title='bbox 441 600 590 641; x_wconf 79' lang='lat' dir='ltr'><strong>datam</strong></span> <span class='ocrx_word' id='word_1_22' title='bbox 619 601 789 642; x_wconf 84' lang='lat' dir='ltr'><strong>ratione</strong></span> <span class='ocrx_word' id='word_1_23' title='bbox 806 614 859 640; x_wconf 90' lang='lat' dir='ltr'><strong>u-</strong></span> 
     </span>
     <span class='ocr_line' id='line_1_9' title="bbox 255 657 861 715; baseline 0.005 -15"><span class='ocrx_word' id='word_1_24' title='bbox 255 673 328 703; x_wconf 86' lang='lat' dir='ltr'><strong>sus</strong></span> <span class='ocrx_word' id='word_1_25' title='bbox 365 659 497 715; x_wconf 84' lang='lat' dir='ltr'><strong>ipsius</strong></span> <span class='ocrx_word' id='word_1_26' title='bbox 517 659 670 709; x_wconf 85' lang='lat' dir='ltr'><strong>sortis,</strong></span> <span class='ocrx_word' id='word_1_27' title='bbox 701 657 747 701; x_wconf 71' lang='lat'><strong>8&lt;</strong></span> <span class='ocrx_word' id='word_1_28' title='bbox 768 671 861 715; x_wconf 88' lang='lat' dir='ltr'>pro-</span> 
     </span>
     <span class='ocr_line' id='line_1_10' title="bbox 259 717 862 780; baseline -0.007 -16"><span class='ocrx_word' id='word_1_29' title='bbox 259 733 360 780; x_wconf 81' lang='lat' dir='ltr'><strong>pter</strong></span> <span class='ocrx_word' id='word_1_30' title='bbox 392 720 644 767; x_wconf 84' lang='lat' dir='ltr'><strong>utilitates,</strong></span> <span class='ocrx_word' id='word_1_31' title='bbox 683 717 862 762; x_wconf 82' lang='lat' dir='ltr'>&amp;com-</span> 
     </span>
     <span class='ocr_line' id='line_1_11' title="bbox 257 779 860 835; baseline -0.008 -11"><span class='ocrx_word' id='word_1_32' title='bbox 257 779 417 827; x_wconf 78' lang='lat' dir='ltr'>moda‚</span> <span class='ocrx_word' id='word_1_33' title='bbox 444 793 541 835; x_wconf 83' lang='lat' dir='ltr'><strong>quae</strong></span> <span class='ocrx_word' id='word_1_34' title='bbox 577 794 632 822; x_wconf 81' lang='lat' dir='ltr'><strong>ex</strong></span> <span class='ocrx_word' id='word_1_35' title='bbox 661 780 747 822; x_wconf 89' lang='lat' dir='ltr'><strong>isto</strong></span> <span class='ocrx_word' id='word_1_36' title='bbox 777 791 860 820; x_wconf 82' lang='lat' dir='ltr'><strong>usu</strong></span> 
     </span>
     <span class='ocr_line' id='line_1_12' title="bbox 255 841 863 896; baseline -0.002 -14"><span class='ocrx_word' id='word_1_37' title='bbox 255 842 503 896; x_wconf 74' lang='lat' dir='ltr'>reportavit</span> <span class='ocrx_word' id='word_1_38' title='bbox 519 871 531 889; x_wconf 86' lang='lat'>,</span> <span class='ocrx_word' id='word_1_39' title='bbox 544 841 617 883; x_wconf 84' lang='lat' dir='ltr'><strong>vel</strong></span> <span class='ocrx_word' id='word_1_40' title='bbox 636 841 787 896; x_wconf 81' lang='lat' dir='ltr'><strong>potuit</strong></span> <span class='ocrx_word' id='word_1_41' title='bbox 798 853 863 881; x_wconf 84' lang='lat' dir='ltr'><strong>re-</strong></span> 
     </span>
     <span class='ocr_line' id='line_1_13' title="bbox 256 903 860 958; baseline -0.003 -15"><span class='ocrx_word' id='word_1_42' title='bbox 256 912 433 958; x_wconf 79' lang='lat' dir='ltr'><strong>portare</strong></span> <span class='ocrx_word' id='word_1_43' title='bbox 486 903 659 955; x_wconf 77' lang='lat' dir='ltr'><strong>peccati</strong></span> <span class='ocrx_word' id='word_1_44' title='bbox 721 913 860 942; x_wconf 82' lang='lat' dir='ltr'><strong>usurae</strong></span> 
     </span>
     <span class='ocr_line' id='line_1_14' title="bbox 259 961 864 1015; baseline -0.005 -11"><span class='ocrx_word' id='word_1_45' title='bbox 259 975 360 1004; x_wconf 81' lang='lat' dir='ltr'><strong>reus</strong></span> <span class='ocrx_word' id='word_1_46' title='bbox 380 961 542 1004; x_wconf 79' lang='lat' dir='ltr'><strong>evadat</strong></span> <span class='ocrx_word' id='word_1_47' title='bbox 564 962 800 1015; x_wconf 82' lang='lat' dir='ltr'><strong>;quaeritur</strong></span> <span class='ocrx_word' id='word_1_48' title='bbox 815 973 864 1001; x_wconf 86' lang='lat' dir='ltr'><strong>u-</strong></span> 
     </span>
     <span class='ocr_line' id='line_1_15' title="bbox 259 1020 862 1076; baseline -0.007 -12"><span class='ocrx_word' id='word_1_49' title='bbox 259 1034 379 1064; x_wconf 79' lang='lat' dir='ltr'><strong>trum</strong></span> <span class='ocrx_word' id='word_1_50' title='bbox 416 1020 469 1063; x_wconf 80' lang='lat' dir='ltr'><strong>ab</strong></span> <span class='ocrx_word' id='word_1_51' title='bbox 493 1021 576 1061; x_wconf 91' lang='lat' dir='ltr'><strong>hoc</strong></span> <span class='ocrx_word' id='word_1_52' title='bbox 598 1034 737 1062; x_wconf 78' lang='lat' dir='ltr'><strong>usurae</strong></span> <span class='ocrx_word' id='word_1_53' title='bbox 766 1034 862 1076; x_wconf 87' lang='lat' dir='ltr'><strong>pec-</strong></span> 
     </span>
     <span class='ocr_line' id='line_1_16' title="bbox 260 1091 861 1136; baseline -0.005 -13"><span class='ocrx_word' id='word_1_54' title='bbox 260 1091 360 1123; x_wconf 79' lang='lat' dir='ltr'><strong>cato</strong></span> <span class='ocrx_word' id='word_1_55' title='bbox 394 1091 664 1130; x_wconf 68' lang='lat' dir='ltr'><strong>excusetur-3</strong></span> <span class='ocrx_word' id='word_1_56' title='bbox 711 1093 861 1136; x_wconf 70' lang='lat' dir='ltr'><strong>quan-</strong></span> 
     </span>
     <span class='ocr_line' id='line_1_17' title="bbox 263 1140 861 1195; baseline 0 -13"><span class='ocrx_word' id='word_1_57' title='bbox 263 1141 320 1182; x_wconf 88' lang='lat' dir='ltr'><strong>do</strong></span> <span class='ocrx_word' id='word_1_58' title='bbox 354 1140 526 1183; x_wconf 85' lang='lat' dir='ltr'><strong>lucrum</strong></span> <span class='ocrx_word' id='word_1_59' title='bbox 543 1172 555 1190; x_wconf 89' lang='lat'>‚</span> <span class='ocrx_word' id='word_1_60' title='bbox 585 1140 705 1195; x_wconf 84' lang='lat' dir='ltr'>quod</span> <span class='ocrx_word' id='word_1_61' title='bbox 723 1156 743 1182; x_wconf 82' lang='lat' dir='ltr'>a</span> <span class='ocrx_word' id='word_1_62' title='bbox 768 1154 861 1182; x_wconf 86' lang='lat' dir='ltr'><strong>mu·</strong></span> 
     </span>
     <span class='ocr_line' id='line_1_18' title="bbox 264 1200 863 1258; baseline 0 -17"><span class='ocrx_word' id='word_1_63' title='bbox 264 1200 455 1258; x_wconf 68' lang='lat' dir='ltr'><strong>matario</strong></span> <span class='ocrx_word' id='word_1_64' title='bbox 470 1202 609 1258; x_wconf 77' lang='lat' dir='ltr'>exigit</span> <span class='ocrx_word' id='word_1_65' title='bbox 624 1230 636 1248; x_wconf 88' lang='lat'>,</span> <span class='ocrx_word' id='word_1_66' title='bbox 668 1214 756 1241; x_wconf 85' lang='lat' dir='ltr'><strong>non</strong></span> <span class='ocrx_word' id='word_1_67' title='bbox 776 1215 863 1241; x_wconf 82' lang='lat' dir='ltr'><strong>ma-</strong></span> 
     </span>
     <span class='ocr_line' id='line_1_19' title="bbox 260 1259 863 1319; baseline -0.003 -17"><span class='ocrx_word' id='word_1_68' title='bbox 260 1273 404 1319; x_wconf 77' lang='lat' dir='ltr'>gnum</span> <span class='ocrx_word' id='word_1_69' title='bbox 425 1292 436 1309; x_wconf 90' lang='lat'>‚</span> <span class='ocrx_word' id='word_1_70' title='bbox 463 1261 539 1302; x_wconf 85' lang='lat' dir='ltr'><strong>sed</strong></span> <span class='ocrx_word' id='word_1_71' title='bbox 558 1273 743 1317; x_wconf 80' lang='lat' dir='ltr'><strong>parvum</strong></span> <span class='ocrx_word' id='word_1_72' title='bbox 763 1259 863 1308; x_wconf 83' lang='lat' dir='ltr'><strong>‚vel</strong></span> 
     </span>
     <span class='ocr_line' id='line_1_20' title="bbox 262 1318 863 1368; baseline 0 -5"><span class='ocrx_word' id='word_1_73' title='bbox 262 1318 504 1363; x_wconf 74' lang='lat' dir='ltr'><strong>minimum</strong></span> <span class='ocrx_word' id='word_1_74' title='bbox 541 1333 606 1364; x_wconf 87' lang='lat' dir='ltr'><strong>est</strong></span> <span class='ocrx_word' id='word_1_75' title='bbox 627 1351 638 1368; x_wconf 86' lang='lat'>,</span> <span class='ocrx_word' id='word_1_76' title='bbox 669 1332 721 1363; x_wconf 89' lang='lat' dir='ltr'><strong>ut</strong></span> <span class='ocrx_word' id='word_1_77' title='bbox 745 1319 863 1367; x_wconf 82' lang='lat' dir='ltr'><strong>duo,</strong></span> 
     </span>
     <span class='ocr_line' id='line_1_21' title="bbox 260 1380 861 1426; baseline -0.01 0"><span class='ocrx_word' id='word_1_78' title='bbox 260 1382 492 1426; x_wconf 78' lang='lat' dir='ltr'><strong>velunum</strong></span> <span class='ocrx_word' id='word_1_79' title='bbox 525 1383 572 1423; x_wconf 85' lang='lat' dir='ltr'><strong>in</strong></span> <span class='ocrx_word' id='word_1_80' title='bbox 604 1391 785 1422; x_wconf 88' lang='lat' dir='ltr'><strong>centum</strong></span> <span class='ocrx_word' id='word_1_81' title='bbox 807 1380 861 1422; x_wconf 68' lang='lat' dir='ltr'><strong>ad</strong></span> 
     </span>
     <span class='ocr_line' id='line_1_22' title="bbox 265 1440 867 1495; baseline -0.007 -10"><span class='ocrx_word' id='word_1_82' title='bbox 265 1456 435 1485; x_wconf 76' lang='lat' dir='ltr'>annum</span> <span class='ocrx_word' id='word_1_83' title='bbox 460 1459 473 1492; x_wconf 91' lang='grc'>;</span> <span class='ocrx_word' id='word_1_84' title='bbox 508 1440 554 1483; x_wconf 72' lang='grc' dir='ltr'><strong>8ζ</strong></span> <span class='ocrx_word' id='word_1_85' title='bbox 587 1441 763 1495; x_wconf 76' lang='lat' dir='ltr'>quando</span> <span class='ocrx_word' id='word_1_86' title='bbox 780 1442 867 1482; x_wconf 83' lang='lat' dir='ltr'><strong>exi-</strong></span> 
     </span>
     <span class='ocr_line' id='line_1_23' title="bbox 261 1501 866 1559; baseline -0.013 -15"><span class='ocrx_word' id='word_1_87' title='bbox 261 1503 333 1559; x_wconf 80' lang='lat' dir='ltr'><strong>git</strong></span> <span class='ocrx_word' id='word_1_88' title='bbox 366 1503 452 1544; x_wconf 89' lang='lat' dir='ltr'><strong>hoc</strong></span> <span class='ocrx_word' id='word_1_89' title='bbox 502 1501 740 1542; x_wconf 87' lang='lat' dir='ltr'><strong>minimum</strong></span> <span class='ocrx_word' id='word_1_90' title='bbox 787 1501 866 1540; x_wconf 90' lang='lat' dir='ltr'>lu...</span> 
     </span>
     <span class='ocr_line' id='line_1_24' title="bbox 265 1573 868 1615; baseline -0.002 -12"><span class='ocrx_word' id='word_1_91' title='bbox 265 1576 391 1603; x_wconf 82' lang='lat' dir='ltr'><strong>crum</strong></span> <span class='ocrx_word' id='word_1_92' title='bbox 445 1573 536 1604; x_wconf 90' lang='lat' dir='ltr'><strong>non</strong></span> <span class='ocrx_word' id='word_1_93' title='bbox 581 1575 634 1602; x_wconf 80' lang='lat' dir='ltr'><strong>ex</strong></span> <span class='ocrx_word' id='word_1_94' title='bbox 679 1574 868 1615; x_wconf 75' lang='lat' dir='ltr'><strong>pecuina</strong></span> 
     </span>
     <span class='ocr_line' id='line_1_25' title="bbox 265 1621 869 1676; baseline -0.005 -12"><span class='ocrx_word' id='word_1_95' title='bbox 265 1634 428 1665; x_wconf 83' lang='lat' dir='ltr'><strong>mutuo</strong></span> <span class='ocrx_word' id='word_1_96' title='bbox 449 1623 551 1664; x_wconf 85' lang='lat' dir='ltr'><strong>data</strong></span> <span class='ocrx_word' id='word_1_97' title='bbox 589 1621 869 1676; x_wconf 67' lang='lat' dir='ltr'><strong>pauperibus,</strong></span> 
     </span>
     <span class='ocr_line' id='line_1_26' title="bbox 262 1679 869 1738; baseline -0.008 -13"><span class='ocrx_word' id='word_1_98' title='bbox 262 1681 342 1725; x_wconf 86' lang='lat' dir='ltr'><strong>vel</strong></span> <span class='ocrx_word' id='word_1_99' title='bbox 395 1680 700 1738; x_wconf 81' lang='lat' dir='ltr'><strong>indigentibus</strong></span> <span class='ocrx_word' id='word_1_100' title='bbox 734 1714 748 1731; x_wconf 78' lang='lat'>‚</span> <span class='ocrx_word' id='word_1_101' title='bbox 793 1679 869 1722; x_wconf 87' lang='lat' dir='ltr'><strong>sed</strong></span> 
     </span>
     <span class='ocr_line' id='line_1_27' title="bbox 264 1740 862 1786; baseline -0.002 -3"><span class='ocrx_word' id='word_1_102' title='bbox 264 1753 427 1785; x_wconf 84' lang='lat' dir='ltr'><strong>mutuo</strong></span> <span class='ocrx_word' id='word_1_103' title='bbox 470 1743 571 1784; x_wconf 81' lang='lat' dir='ltr'><strong>data</strong></span> <span class='ocrx_word' id='word_1_104' title='bbox 626 1740 862 1786; x_wconf 82' lang='lat' dir='ltr'><strong>divitibus,</strong></span> 
     </span>
     <span class='ocr_line' id='line_1_28' title="bbox 265 1803 868 1857; baseline 0 -15"><span class='ocrx_word' id='word_1_105' title='bbox 265 1803 346 1857; x_wconf 84' lang='lat' dir='ltr'><strong>qui</strong></span> <span class='ocrx_word' id='word_1_106' title='bbox 369 1803 605 1856; x_wconf 81' lang='lat' dir='ltr'><strong>pecuniam</strong></span> <span class='ocrx_word' id='word_1_107' title='bbox 628 1810 786 1842; x_wconf 87' lang='lat' dir='ltr'><strong>mutuo</strong></span> <span class='ocrx_word' id='word_1_108' title='bbox 802 1814 868 1841; x_wconf 78' lang='lat' dir='ltr'><strong>ac-</strong></span> 
     </span>
     <span class='ocr_line' id='line_1_29' title="bbox 267 1861 868 1916; baseline 0.003 -14"><span class='ocrx_word' id='word_1_109' title='bbox 267 1873 445 1916; x_wconf 83' lang='lat' dir='ltr'>ceptam</span> <span class='ocrx_word' id='word_1_110' title='bbox 494 1873 586 1904; x_wconf 87' lang='lat' dir='ltr'><strong>non</strong></span> <span class='ocrx_word' id='word_1_111' title='bbox 638 1861 868 1904; x_wconf 80' lang='lat' dir='ltr'><strong>habebunt</strong></span> 
     </span>
     <span class='ocr_line' id='line_1_30' title="bbox 269 1919 869 1968; baseline -0.002 -7"><span class='ocrx_word' id='word_1_112' title='bbox 269 1921 389 1962; x_wconf 82' lang='lat' dir='ltr'><strong>domi</strong></span> <span class='ocrx_word' id='word_1_113' title='bbox 431 1922 619 1965; x_wconf 77' lang='lat' dir='ltr'><strong>otiosam</strong></span> <span class='ocrx_word' id='word_1_114' title='bbox 641 1951 653 1968; x_wconf 92' lang='lat'>‚</span> <span class='ocrx_word' id='word_1_115' title='bbox 703 1919 780 1961; x_wconf 86' lang='lat' dir='ltr'><strong>sed</strong></span> <span class='ocrx_word' id='word_1_116' title='bbox 813 1920 869 1961; x_wconf 80' lang='lat' dir='ltr'><strong>ad</strong></span> 
     </span>
     <span class='ocr_line' id='line_1_31' title="bbox 267 1979 869 2035; baseline 0 -15"><span class='ocrx_word' id='word_1_117' title='bbox 267 1982 574 2023; x_wconf 68' lang='lat' dir='ltr'><strong>fortunas-&gt;suas</strong></span> <span class='ocrx_word' id='word_1_118' title='bbox 603 1979 869 2035; x_wconf 70' lang='lat' dir='ltr'><strong>amplifican-</strong></span> 
     </span>
     <span class='ocr_line' id='line_1_32' title="bbox 268 2039 872 2089; baseline 0 -9"><span class='ocrx_word' id='word_1_119' title='bbox 268 2040 434 2088; x_wconf 57' lang='lat' dir='ltr'><strong>damet</strong></span> <span class='ocrx_word' id='word_1_120' title='bbox 453 2042 578 2083; x_wconf 87' lang='lat' dir='ltr'><strong>novis</strong></span> <span class='ocrx_word' id='word_1_121' title='bbox 597 2039 872 2089; x_wconf 79' lang='lat' dir='ltr'><strong>coemendis,</strong></span> 
     </span>
     <span class='ocr_line' id='line_1_33' title="bbox 268 2099 871 2155; baseline -0.002 -14"><span class='ocrx_word' id='word_1_122' title='bbox 268 2101 437 2154; x_wconf 74' lang='lat' dir='ltr'><strong>praediis</strong></span> <span class='ocrx_word' id='word_1_123' title='bbox 456 2131 468 2147; x_wconf 87' lang='lat'>‚</span> <span class='ocrx_word' id='word_1_124' title='bbox 495 2100 570 2144; x_wconf 87' lang='lat' dir='ltr'><strong>vel</strong></span> <span class='ocrx_word' id='word_1_125' title='bbox 617 2099 871 2155; x_wconf 65' lang='lat' dir='ltr'><strong>quaestuosis</strong></span> 
     </span>
     <span class='ocr_line' id='line_1_34' title="bbox 271 2158 871 2217; baseline -0.002 -17"><span class='ocrx_word' id='word_1_126' title='bbox 271 2159 492 2215; x_wconf 73' lang='lat' dir='ltr'>agitandis</span> <span class='ocrx_word' id='word_1_127' title='bbox 538 2161 727 2217; x_wconf 79' lang='lat' dir='ltr'><strong>negotiis</strong></span> <span class='ocrx_word' id='word_1_128' title='bbox 768 2158 871 2202; x_wconf 88' lang='lat' dir='ltr'><strong>uti-</strong></span> 
     </span>
     <span class='ocr_line' id='line_1_35' title="bbox 271 2218 752 2275; baseline 0 -16"><span class='ocrx_word' id='word_1_129' title='bbox 271 2218 437 2260; x_wconf 79' lang='lat' dir='ltr'><strong>lissime</strong></span> <span class='ocrx_word' id='word_1_130' title='bbox 450 2220 716 2275; x_wconf 82' lang='lat' dir='ltr'><strong>impendent</strong></span> <span class='ocrx_word' id='word_1_131' title='bbox 733 2220 752 2259; x_wconf 71' lang='lat'><strong><em>2</em></strong></span> 
     </span>
     <span class='ocr_line' id='line_1_36' title="bbox 338 2278 871 2321; baseline 0.004 -3"><span class='ocrx_word' id='word_1_132' title='bbox 338 2278 475 2320; x_wconf 86' lang='lat' dir='ltr'>Nullo</span> <span class='ocrx_word' id='word_1_133' title='bbox 508 2279 640 2321; x_wconf 87' lang='lat' dir='ltr'>modo</span> <span class='ocrx_word' id='word_1_134' title='bbox 661 2280 714 2320; x_wconf 81' lang='lat' dir='ltr'><strong>ab</strong></span> <span class='ocrx_word' id='word_1_135' title='bbox 743 2288 871 2320; x_wconf 84' lang='lat' dir='ltr'><strong>usura</strong></span> 
     </span>
     <span class='ocr_line' id='line_1_37' title="bbox 283 2337 872 2381; baseline 0 -3"><span class='ocrx_word' id='word_1_136' title='bbox 283 2350 493 2381; x_wconf 79' lang='lat' dir='ltr'><strong>mutuans</strong></span> <span class='ocrx_word' id='word_1_137' title='bbox 525 2339 669 2380; x_wconf 81' lang='lat' dir='ltr'><strong>adhue</strong></span> <span class='ocrx_word' id='word_1_138' title='bbox 704 2340 752 2379; x_wconf 89' lang='lat' dir='ltr'><strong>in</strong></span> <span class='ocrx_word' id='word_1_139' title='bbox 789 2337 872 2378; x_wconf 86' lang='lat' dir='ltr'><strong>hoc</strong></span> 
     </span>
     <span class='ocr_line' id='line_1_38' title="bbox 272 2396 871 2445; baseline 0.002 -9"><span class='ocrx_word' id='word_1_140' title='bbox 272 2411 379 2439; x_wconf 80' lang='lat' dir='ltr'>casu</span> <span class='ocrx_word' id='word_1_141' title='bbox 404 2410 626 2441; x_wconf 78' lang='lat' dir='ltr'><strong>escusatur</strong></span> <span class='ocrx_word' id='word_1_142' title='bbox 643 2428 654 2445; x_wconf 91' lang='lat'>‚</span> <span class='ocrx_word' id='word_1_143' title='bbox 679 2398 744 2439; x_wconf 87' lang='lat' dir='ltr'><strong>uti</strong></span> <span class='ocrx_word' id='word_1_144' title='bbox 781 2396 871 2437; x_wconf 87' lang='lat' dir='ltr'><strong>Be·-</strong></span> 
     </span>
     <span class='ocr_line' id='line_1_39' title="bbox 272 2456 870 2502; baseline -0.002 -6"><span class='ocrx_word' id='word_1_145' title='bbox 272 2457 476 2500; x_wconf 85' lang='lat' dir='ltr'><strong>nedictus</strong></span> <span class='ocrx_word' id='word_1_146' title='bbox 490 2459 608 2502; x_wconf 77' lang='lat' dir='ltr'>XIV.</span> <span class='ocrx_word' id='word_1_147' title='bbox 624 2467 793 2499; x_wconf 85' lang='lat' dir='ltr'><strong>canone</strong></span> <span class='ocrx_word' id='word_1_148' title='bbox 809 2456 870 2496; x_wconf 88' lang='lat'><strong>11.</strong></span> 
     </span>
     <span class='ocr_line' id='line_1_40' title="bbox 271 2515 870 2566; baseline -0.003 -9"><span class='ocrx_word' id='word_1_149' title='bbox 271 2516 418 2560; x_wconf 73' lang='lat' dir='ltr'><strong>citatae</strong></span> <span class='ocrx_word' id='word_1_150' title='bbox 479 2517 706 2561; x_wconf 77' lang='lat' dir='ltr'><strong>Enciclice</strong></span> <span class='ocrx_word' id='word_1_151' title='bbox 756 2515 870 2566; x_wconf 63' lang='lat' dir='ltr'><strong>„va</strong></span> 
     </span>
     <span class='ocr_line' id='line_1_41' title="bbox 273 2574 874 2634; baseline -0.003 -16"><span class='ocrx_word' id='word_1_152' title='bbox 273 2576 473 2633; x_wconf 78' lang='lat' dir='ltr'><strong>pervenit</strong></span> <span class='ocrx_word' id='word_1_153' title='bbox 483 2578 714 2634; x_wconf 82' lang='lat' dir='ltr'><strong>perspicue</strong></span> <span class='ocrx_word' id='word_1_154' title='bbox 733 2574 874 2619; x_wconf 76' lang='lat' dir='ltr'><strong>deela-</strong></span> 
     </span>
    </p>
   </div>
   <div class='ocr_carea' id='block_1_5' title="bbox 814 216 978 295">
    <p class='ocr_par' dir='ltr' id='par_1_5' title="bbox 814 216 978 295">
     <span class='ocr_line' id='line_1_42' title="bbox 814 216 978 295; baseline 0.018 -3"><span class='ocrx_word' id='word_1_155' title='bbox 814 216 978 295; x_wconf 64' lang='grc' dir='ltr'>(ιε’)</span> 
     </span>
    </p>
   </div>
   <div class='ocr_carea' id='block_1_6' title="bbox 299 299 854 357">
    <p class='ocr_par' dir='ltr' id='par_1_6' title="bbox 299 299 854 357">
     <span class='ocr_line' id='line_1_43' title="bbox 299 299 854 357; baseline -0.011 -11"><span class='ocrx_word' id='word_1_156' title='bbox 299 300 416 347; x_wconf 82' lang='lat' dir='ltr'><strong>tium</strong></span> <span class='ocrx_word' id='word_1_157' title='bbox 436 308 515 357; x_wconf 86' lang='lat' dir='ltr'><strong>pro</strong></span> <span class='ocrx_word' id='word_1_158' title='bbox 531 310 618 342; x_wconf 84' lang='lat' dir='ltr'><strong>usu</strong></span> <span class='ocrx_word' id='word_1_159' title='bbox 648 299 709 342; x_wconf 83' lang='lat' dir='ltr'><strong>rei</strong></span> <span class='ocrx_word' id='word_1_160' title='bbox 733 328 746 347; x_wconf 92' lang='lat'><strong>‚</strong></span> <span class='ocrx_word' id='word_1_161' title='bbox 774 299 854 344; x_wconf 77' lang='lat' dir='ltr'><strong>vel</strong></span> 
     </span>
    </p>
   </div>
   <div class='ocr_carea' id='block_1_7' title="bbox 1022 300 1663 2675">
    <p class='ocr_par' dir='ltr' id='par_1_7' title="bbox 1022 300 1663 2640">
     <span class='ocr_line' id='line_1_44' title="bbox 1022 300 1630 356; baseline 0.003 -11"><span class='ocrx_word' id='word_1_162' title='bbox 1022 302 1140 347; x_wconf 81' lang='lat' dir='ltr'><strong>ravit</strong></span> <span class='ocrx_word' id='word_1_163' title='bbox 1175 304 1190 343; x_wconf 72' lang='grc'><strong>.“</strong></span> <span class='ocrx_word' id='word_1_164' title='bbox 1236 305 1269 351; x_wconf 86' lang='grc'><strong>’,,</strong></span> <span class='ocrx_word' id='word_1_165' title='bbox 1300 300 1462 356; x_wconf 84' lang='lat' dir='ltr'>Neque</span> <span class='ocrx_word' id='word_1_166' title='bbox 1525 313 1630 348; x_wconf 83' lang='lat' dir='ltr'><strong>vero</strong></span> 
     </span>
     <span class='ocr_line' id='line_1_45' title="bbox 1027 361 1635 417; baseline -0.012 -10"><span class='ocrx_word' id='word_1_167' title='bbox 1027 362 1237 417; x_wconf 74' lang='lat' dir='ltr'><strong>„inquit</strong></span> <span class='ocrx_word' id='word_1_168' title='bbox 1289 361 1343 404; x_wconf 79' lang='lat' dir='ltr'><strong>ad</strong></span> <span class='ocrx_word' id='word_1_169' title='bbox 1390 363 1523 404; x_wconf 82' lang='lat' dir='ltr'><strong>istam</strong></span> <span class='ocrx_word' id='word_1_170' title='bbox 1560 362 1635 407; x_wconf 78' lang='lat' dir='ltr'><strong>la-</strong></span> 
     </span>
     <span class='ocr_line' id='line_1_46' title="bbox 1031 421 1639 478; baseline 0.002 -13"><span class='ocrx_word' id='word_1_171' title='bbox 1031 451 1060 472; x_wconf 85' lang='lat'>„</span> <span class='ocrx_word' id='word_1_172' title='bbox 1091 423 1190 465; x_wconf 89' lang='lat' dir='ltr'><strong>bem</strong></span> <span class='ocrx_word' id='word_1_173' title='bbox 1230 421 1507 478; x_wconf 80' lang='lat' dir='ltr'>purgandam</span> <span class='ocrx_word' id='word_1_174' title='bbox 1532 424 1639 477; x_wconf 83' lang='lat'><em>[10-</em></span> 
     </span>
     <span class='ocr_line' id='line_1_47' title="bbox 1026 482 1635 537; baseline 0.007 -15"><span class='ocrx_word' id='word_1_175' title='bbox 1026 512 1059 533; x_wconf 85' lang='lat'><strong>,‚</strong></span> <span class='ocrx_word' id='word_1_176' title='bbox 1090 483 1243 537; x_wconf 85' lang='lat' dir='ltr'><strong>quitur</strong></span> <span class='ocrx_word' id='word_1_177' title='bbox 1274 483 1328 524; x_wconf 87' lang='lat' dir='ltr'><strong>de</strong></span> <span class='ocrx_word' id='word_1_178' title='bbox 1361 482 1459 523; x_wconf 80' lang='lat' dir='ltr'><strong>labe</strong></span> <span class='ocrx_word' id='word_1_179' title='bbox 1476 497 1635 532; x_wconf 73' lang='lat' dir='ltr'><strong>usurae,</strong></span> 
     </span>
     <span class='ocr_line' id='line_1_48' title="bbox 1028 542 1636 597; baseline 0.002 -14"><span class='ocrx_word' id='word_1_180' title='bbox 1028 571 1060 591; x_wconf 88' lang='lat'><strong>‚,</strong></span> <span class='ocrx_word' id='word_1_181' title='bbox 1090 555 1186 597; x_wconf 85' lang='lat' dir='ltr'><strong>quae</strong></span> <span class='ocrx_word' id='word_1_182' title='bbox 1217 542 1305 585; x_wconf 84' lang='lat' dir='ltr'><strong>fuit</strong></span> <span class='ocrx_word' id='word_1_183' title='bbox 1335 544 1519 586; x_wconf 77' lang='lat' dir='ltr'><strong>materia</strong></span> <span class='ocrx_word' id='word_1_184' title='bbox 1553 558 1636 584; x_wconf 83' lang='lat' dir='ltr'>ca·-</span> 
     </span>
     <span class='ocr_line' id='line_1_49' title="bbox 1030 601 1636 657; baseline -0.003 -13"><span class='ocrx_word' id='word_1_185' title='bbox 1030 630 1061 650; x_wconf 87' lang='lat'><strong>„</strong></span> <span class='ocrx_word' id='word_1_186' title='bbox 1094 605 1222 644; x_wconf 83' lang='lat' dir='ltr'><strong>nonis</strong></span> <span class='ocrx_word' id='word_1_187' title='bbox 1238 602 1544 657; x_wconf 72' lang='lat' dir='ltr'><strong>praecedentis]</strong></span> <span class='ocrx_word' id='word_1_188' title='bbox 1568 601 1636 644; x_wconf 78' lang='lat' dir='ltr'><strong>u!-</strong></span> 
     </span>
     <span class='ocr_line' id='line_1_50' title="bbox 1028 661 1637 712; baseline 0.007 -11"><span class='ocrx_word' id='word_1_189' title='bbox 1028 690 1058 711; x_wconf 90' lang='lat'>„</span> <span class='ocrx_word' id='word_1_190' title='bbox 1092 661 1185 712; x_wconf 83' lang='lat' dir='ltr'><strong>lum</strong></span> <span class='ocrx_word' id='word_1_191' title='bbox 1241 663 1435 705; x_wconf 82' lang='lat' dir='ltr'><strong>accersiri</strong></span> <span class='ocrx_word' id='word_1_192' title='bbox 1485 664 1637 704; x_wconf 86' lang='lat' dir='ltr'><strong>subsi—</strong></span> 
     </span>
     <span class='ocr_line' id='line_1_51' title="bbox 1029 722 1638 778; baseline 0.003 -16"><span class='ocrx_word' id='word_1_193' title='bbox 1029 752 1058 771; x_wconf 84' lang='lat'><strong>‚,</strong></span> <span class='ocrx_word' id='word_1_194' title='bbox 1092 722 1214 762; x_wconf 78' lang='lat' dir='ltr'><strong>dium</strong></span> <span class='ocrx_word' id='word_1_195' title='bbox 1267 733 1442 778; x_wconf 87' lang='lat' dir='ltr'><strong>potest,</strong></span> <span class='ocrx_word' id='word_1_196' title='bbox 1478 722 1551 765; x_wconf 79' lang='lat' dir='ltr'><strong>vel</strong></span> <span class='ocrx_word' id='word_1_197' title='bbox 1585 735 1638 764; x_wconf 74' lang='lat' dir='ltr'><strong>ex</strong></span> 
     </span>
     <span class='ocr_line' id='line_1_52' title="bbox 1036 783 1638 835; baseline 0.002 -13"><span class='ocrx_word' id='word_1_198' title='bbox 1036 810 1067 831; x_wconf 84' lang='lat'><strong>,‚</strong></span> <span class='ocrx_word' id='word_1_199' title='bbox 1098 795 1150 823; x_wconf 89' lang='lat' dir='ltr'><strong>eo</strong></span> <span class='ocrx_word' id='word_1_200' title='bbox 1175 813 1187 830; x_wconf 81' lang='lat'><strong><em>‚</em></strong></span> <span class='ocrx_word' id='word_1_201' title='bbox 1232 783 1350 835; x_wconf 86' lang='lat' dir='ltr'>quod</span> <span class='ocrx_word' id='word_1_202' title='bbox 1388 783 1432 823; x_wconf 89' lang='lat' dir='ltr'><strong>id</strong></span> <span class='ocrx_word' id='word_1_203' title='bbox 1462 783 1638 823; x_wconf 78' lang='lat' dir='ltr'><strong>lucrum</strong></span> 
     </span>
     <span class='ocr_line' id='line_1_53' title="bbox 1035 840 1638 892; baseline 0.002 -11"><span class='ocrx_word' id='word_1_204' title='bbox 1035 872 1065 892; x_wconf 79' lang='lat'><strong>‚,</strong></span> <span class='ocrx_word' id='word_1_205' title='bbox 1104 855 1193 884; x_wconf 89' lang='lat' dir='ltr'><strong>non</strong></span> <span class='ocrx_word' id='word_1_206' title='bbox 1226 841 1439 884; x_wconf 83' lang='lat' dir='ltr'><strong>excedens</strong></span> <span class='ocrx_word' id='word_1_207' title='bbox 1460 874 1471 891; x_wconf 88' lang='lat'>,</span> <span class='ocrx_word' id='word_1_208' title='bbox 1506 840 1551 882; x_wconf 65' lang='grc' dir='ltr'>ἃ</span> <span class='ocrx_word' id='word_1_209' title='bbox 1575 843 1638 882; x_wconf 85' lang='lat' dir='ltr'><strong>ni-</strong></span> 
     </span>
     <span class='ocr_line' id='line_1_54' title="bbox 1034 902 1644 951; baseline 0.003 -9"><span class='ocrx_word' id='word_1_210' title='bbox 1034 932 1067 951; x_wconf 86' lang='lat'><strong>„</strong></span> <span class='ocrx_word' id='word_1_211' title='bbox 1098 904 1239 943; x_wconf 88' lang='lat' dir='ltr'><strong>mium</strong></span> <span class='ocrx_word' id='word_1_212' title='bbox 1263 932 1275 950; x_wconf 88' lang='lat'>‚</span> <span class='ocrx_word' id='word_1_213' title='bbox 1307 902 1382 944; x_wconf 88' lang='lat' dir='ltr'><strong>sed</strong></span> <span class='ocrx_word' id='word_1_214' title='bbox 1430 902 1644 944; x_wconf 81' lang='lat' dir='ltr'><strong>modera-</strong></span> 
     </span>
     <span class='ocr_line' id='line_1_55' title="bbox 1035 973 1640 1020; baseline -0.005 -15"><span class='ocrx_word' id='word_1_215' title='bbox 1035 991 1066 1011; x_wconf 52' lang='grc' dir='ltr'><strong>,φ</strong></span> <span class='ocrx_word' id='word_1_216' title='bbox 1098 973 1194 1005; x_wconf 74' lang='lat' dir='ltr'><strong>tum</strong></span> <span class='ocrx_word' id='word_1_217' title='bbox 1218 992 1230 1010; x_wconf 68' lang='lat'>²</span> <span class='ocrx_word' id='word_1_218' title='bbox 1262 976 1351 1004; x_wconf 78' lang='lat' dir='ltr'><strong>non</strong></span> <span class='ocrx_word' id='word_1_219' title='bbox 1388 974 1602 1020; x_wconf 62' lang='lat' dir='ltr'>magnum</span> <span class='ocrx_word' id='word_1_220' title='bbox 1626 992 1640 1010; x_wconf 79' lang='lat'>,</span> 
     </span>
     <span class='ocr_line' id='line_1_56' title="bbox 1039 1021 1640 1079; baseline 0 -17"><span class='ocrx_word' id='word_1_221' title='bbox 1039 1051 1068 1072; x_wconf 87' lang='lat'>„</span> <span class='ocrx_word' id='word_1_222' title='bbox 1098 1021 1172 1063; x_wconf 86' lang='lat' dir='ltr'><strong>sed</strong></span> <span class='ocrx_word' id='word_1_223' title='bbox 1203 1023 1415 1079; x_wconf 85' lang='lat' dir='ltr'><strong>exiguum</strong></span> <span class='ocrx_word' id='word_1_224' title='bbox 1445 1023 1517 1071; x_wconf 79' lang='lat' dir='ltr'><strong>fit3</strong></span> <span class='ocrx_word' id='word_1_225' title='bbox 1566 1022 1640 1065; x_wconf 83' lang='lat' dir='ltr'><strong>vel</strong></span> 
     </span>
     <span class='ocr_line' id='line_1_57' title="bbox 1033 1083 1639 1137; baseline 0.002 -14"><span class='ocrx_word' id='word_1_226' title='bbox 1033 1111 1063 1131; x_wconf 85' lang='lat'>„</span> <span class='ocrx_word' id='word_1_227' title='bbox 1096 1095 1149 1123; x_wconf 81' lang='lat' dir='ltr'><strong>ex</strong></span> <span class='ocrx_word' id='word_1_228' title='bbox 1179 1095 1231 1123; x_wconf 89' lang='lat' dir='ltr'><strong>eo</strong></span> <span class='ocrx_word' id='word_1_229' title='bbox 1254 1117 1267 1132; x_wconf 87' lang='lat'><strong>,</strong></span> <span class='ocrx_word' id='word_1_230' title='bbox 1297 1083 1416 1137; x_wconf 89' lang='lat' dir='ltr'>quod</span> <span class='ocrx_word' id='word_1_231' title='bbox 1448 1084 1479 1123; x_wconf 89' lang='lat' dir='ltr'><strong>is</strong></span> <span class='ocrx_word' id='word_1_232' title='bbox 1503 1097 1525 1122; x_wconf 84' lang='lat' dir='ltr'>a</span> <span class='ocrx_word' id='word_1_233' title='bbox 1546 1093 1639 1136; x_wconf 81' lang='lat' dir='ltr'><strong>quo</strong></span> 
     </span>
     <span class='ocr_line' id='line_1_58' title="bbox 1032 1141 1640 1190; baseline 0.002 -9"><span class='ocrx_word' id='word_1_234' title='bbox 1032 1172 1063 1190; x_wconf 76' lang='lat'><strong>‚,</strong></span> <span class='ocrx_word' id='word_1_235' title='bbox 1095 1142 1142 1182; x_wconf 89' lang='lat' dir='ltr'><strong>id</strong></span> <span class='ocrx_word' id='word_1_236' title='bbox 1165 1141 1341 1183; x_wconf 86' lang='lat' dir='ltr'>lucrum</span> <span class='ocrx_word' id='word_1_237' title='bbox 1373 1142 1504 1184; x_wconf 85' lang='lat' dir='ltr'><strong>solius</strong></span> <span class='ocrx_word' id='word_1_238' title='bbox 1522 1155 1640 1183; x_wconf 75' lang='lat' dir='ltr'>cau-</span> 
     </span>
     <span class='ocr_line' id='line_1_59' title="bbox 1030 1202 1641 1257; baseline 0.002 -14"><span class='ocrx_word' id='word_1_239' title='bbox 1030 1231 1063 1251; x_wconf 76' lang='lat'>„</span> <span class='ocrx_word' id='word_1_240' title='bbox 1091 1215 1135 1243; x_wconf 84' lang='lat' dir='ltr'><strong>sa</strong></span> <span class='ocrx_word' id='word_1_241' title='bbox 1187 1204 1335 1244; x_wconf 85' lang='lat' dir='ltr'><strong>mutui</strong></span> <span class='ocrx_word' id='word_1_242' title='bbox 1387 1202 1641 1257; x_wconf 74' lang='lat' dir='ltr'><strong>deposcitur</strong></span> 
     </span>
     <span class='ocr_line' id='line_1_60' title="bbox 1033 1261 1640 1317; baseline 0.002 -15"><span class='ocrx_word' id='word_1_243' title='bbox 1033 1291 1063 1310; x_wconf 83' lang='lat'><strong>‚‚</strong></span> <span class='ocrx_word' id='word_1_244' title='bbox 1096 1273 1186 1303; x_wconf 87' lang='lat' dir='ltr'><strong>non</strong></span> <span class='ocrx_word' id='word_1_245' title='bbox 1218 1274 1383 1317; x_wconf 77' lang='lat' dir='ltr'><strong>pauper</strong></span> <span class='ocrx_word' id='word_1_246' title='bbox 1404 1292 1417 1310; x_wconf 90' lang='lat'>‚</span> <span class='ocrx_word' id='word_1_247' title='bbox 1446 1261 1520 1303; x_wconf 85' lang='lat' dir='ltr'><strong>sed</strong></span> <span class='ocrx_word' id='word_1_248' title='bbox 1559 1262 1640 1303; x_wconf 88' lang='lat' dir='ltr'><strong>di-</strong></span> 
     </span>
     <span class='ocr_line' id='line_1_61' title="bbox 1033 1322 1638 1369; baseline -0.002 -7"><span class='ocrx_word' id='word_1_249' title='bbox 1033 1351 1065 1369; x_wconf 87' lang='lat'><strong>„</strong></span> <span class='ocrx_word' id='word_1_250' title='bbox 1097 1335 1173 1363; x_wconf 87' lang='lat' dir='ltr'><strong>ves</strong></span> <span class='ocrx_word' id='word_1_251' title='bbox 1211 1323 1402 1368; x_wconf 82' lang='lat' dir='ltr'><strong>existat,</strong></span> <span class='ocrx_word' id='word_1_252' title='bbox 1436 1335 1515 1366; x_wconf 80' lang='lat' dir='ltr'><strong>nec</strong></span> <span class='ocrx_word' id='word_1_253' title='bbox 1550 1322 1638 1362; x_wconf 80' lang='lat' dir='ltr'><strong>da-</strong></span> 
     </span>
     <span class='ocr_line' id='line_1_62' title="bbox 1032 1383 1644 1430; baseline -0.003 -7"><span class='ocrx_word' id='word_1_254' title='bbox 1032 1411 1060 1430; x_wconf 82' lang='lat'>„</span> <span class='ocrx_word' id='word_1_255' title='bbox 1094 1391 1185 1423; x_wconf 80' lang='lat' dir='ltr'><strong>tam</strong></span> <span class='ocrx_word' id='word_1_256' title='bbox 1211 1383 1290 1423; x_wconf 84' lang='lat' dir='ltr'><strong>sibi</strong></span> <span class='ocrx_word' id='word_1_257' title='bbox 1333 1393 1494 1425; x_wconf 87' lang='lat' dir='ltr'><strong>mutuo</strong></span> <span class='ocrx_word' id='word_1_258' title='bbox 1528 1394 1644 1422; x_wconf 87' lang='lat' dir='ltr'>sum-</span> 
     </span>
     <span class='ocr_line' id='line_1_63' title="bbox 1034 1442 1648 1489; baseline 0 -7"><span class='ocrx_word' id='word_1_259' title='bbox 1034 1469 1065 1489; x_wconf 81' lang='lat'>„</span> <span class='ocrx_word' id='word_1_260' title='bbox 1097 1455 1218 1482; x_wconf 84' lang='lat' dir='ltr'><strong>mam</strong></span> <span class='ocrx_word' id='word_1_261' title='bbox 1251 1442 1486 1483; x_wconf 79' lang='lat' dir='ltr'><strong>relicturus</strong></span> <span class='ocrx_word' id='word_1_262' title='bbox 1513 1443 1648 1483; x_wconf 78' lang='lat' dir='ltr'><strong>otio-</strong></span> 
     </span>
     <span class='ocr_line' id='line_1_64' title="bbox 1035 1501 1642 1549; baseline -0.002 -7"><span class='ocrx_word' id='word_1_263' title='bbox 1035 1530 1067 1549; x_wconf 87' lang='lat'><strong>„</strong></span> <span class='ocrx_word' id='word_1_264' title='bbox 1098 1514 1190 1542; x_wconf 73' lang='lat' dir='ltr'><strong>sam</strong></span> <span class='ocrx_word' id='word_1_265' title='bbox 1216 1531 1228 1549; x_wconf 92' lang='lat'>‚</span> <span class='ocrx_word' id='word_1_266' title='bbox 1261 1501 1335 1543; x_wconf 88' lang='lat' dir='ltr'><strong>sed</strong></span> <span class='ocrx_word' id='word_1_267' title='bbox 1353 1501 1407 1543; x_wconf 82' lang='lat' dir='ltr'><strong>ad</strong></span> <span class='ocrx_word' id='word_1_268' title='bbox 1439 1503 1642 1543; x_wconf 80' lang='lat' dir='ltr'>fortunas</span> 
     </span>
     <span class='ocr_line' id='line_1_65' title="bbox 1037 1561 1640 1617; baseline 0 -16"><span class='ocrx_word' id='word_1_269' title='bbox 1037 1590 1069 1608; x_wconf 84' lang='lat'><strong>„</strong></span> <span class='ocrx_word' id='word_1_270' title='bbox 1099 1573 1193 1602; x_wconf 80' lang='lat' dir='ltr'><strong>suas</strong></span> <span class='ocrx_word' id='word_1_271' title='bbox 1206 1561 1550 1617; x_wconf 76' lang='lat' dir='ltr'><strong>amplificandas,</strong></span> <span class='ocrx_word' id='word_1_272' title='bbox 1564 1561 1640 1604; x_wconf 85' lang='lat' dir='ltr'><strong>vel</strong></span> 
     </span>
     <span class='ocr_line' id='line_1_66' title="bbox 1038 1621 1646 1675; baseline 0 -14"><span class='ocrx_word' id='word_1_273' title='bbox 1038 1649 1069 1668; x_wconf 85' lang='lat'><strong>‚‚</strong></span> <span class='ocrx_word' id='word_1_274' title='bbox 1102 1621 1228 1663; x_wconf 90' lang='lat' dir='ltr'><strong>novis</strong></span> <span class='ocrx_word' id='word_1_275' title='bbox 1264 1621 1517 1663; x_wconf 85' lang='lat' dir='ltr'>coemendis</span> <span class='ocrx_word' id='word_1_276' title='bbox 1538 1633 1646 1675; x_wconf 81' lang='lat' dir='ltr'>prae-</span> 
     </span>
     <span class='ocr_line' id='line_1_67' title="bbox 1037 1681 1644 1735; baseline -0.002 -13"><span class='ocrx_word' id='word_1_277' title='bbox 1037 1709 1068 1728; x_wconf 83' lang='lat'><strong>‚,</strong></span> <span class='ocrx_word' id='word_1_278' title='bbox 1102 1681 1183 1722; x_wconf 82' lang='lat' dir='ltr'><strong>diis</strong></span> <span class='ocrx_word' id='word_1_279' title='bbox 1209 1710 1222 1728; x_wconf 86' lang='lat'>‚</span> <span class='ocrx_word' id='word_1_280' title='bbox 1266 1681 1339 1723; x_wconf 85' lang='lat' dir='ltr'><strong>vel</strong></span> <span class='ocrx_word' id='word_1_281' title='bbox 1387 1681 1644 1735; x_wconf 78' lang='lat' dir='ltr'><strong>quaestuosis</strong></span> 
     </span>
     <span class='ocr_line' id='line_1_68' title="bbox 1035 1741 1644 1796; baseline -0.002 -14"><span class='ocrx_word' id='word_1_282' title='bbox 1035 1769 1068 1789; x_wconf 81' lang='lat'><strong>‚,</strong></span> <span class='ocrx_word' id='word_1_283' title='bbox 1100 1741 1321 1796; x_wconf 68' lang='lat' dir='ltr'><strong>agitandis</strong></span> <span class='ocrx_word' id='word_1_284' title='bbox 1346 1741 1537 1796; x_wconf 84' lang='lat' dir='ltr'><strong>negotiis</strong></span> <span class='ocrx_word' id='word_1_285' title='bbox 1553 1741 1644 1781; x_wconf 83' lang='lat' dir='ltr'><strong>uti-</strong></span> 
     </span>
     <span class='ocr_line' id='line_1_69' title="bbox 1032 1799 1644 1855; baseline 0 -16"><span class='ocrx_word' id='word_1_286' title='bbox 1032 1828 1065 1849; x_wconf 80' lang='lat'><strong>„</strong></span> <span class='ocrx_word' id='word_1_287' title='bbox 1095 1799 1259 1842; x_wconf 88' lang='lat' dir='ltr'><strong>lissime</strong></span> <span class='ocrx_word' id='word_1_288' title='bbox 1294 1803 1352 1843; x_wconf 88' lang='lat' dir='ltr'><strong>sit</strong></span> <span class='ocrx_word' id='word_1_289' title='bbox 1409 1801 1644 1855; x_wconf 82' lang='lat' dir='ltr'><strong>impensu-</strong></span> 
     </span>
     <span class='ocr_line' id='line_1_70' title="bbox 1041 1859 1643 1909; baseline -0.003 -7"><span class='ocrx_word' id='word_1_290' title='bbox 1041 1889 1073 1909; x_wconf 83' lang='lat'>„</span> <span class='ocrx_word' id='word_1_291' title='bbox 1103 1873 1175 1902; x_wconf 82' lang='lat' dir='ltr'><strong>rus</strong></span> <span class='ocrx_word' id='word_1_292' title='bbox 1198 1878 1208 1900; x_wconf 77' lang='grc' dir='ltr'>ε</span> <span class='ocrx_word' id='word_1_293' title='bbox 1232 1860 1399 1902; x_wconf 81' lang='lat' dir='ltr'>Contra</span> <span class='ocrx_word' id='word_1_294' title='bbox 1421 1859 1570 1900; x_wconf 85' lang='lat' dir='ltr'><strong>mutui</strong></span> <span class='ocrx_word' id='word_1_295' title='bbox 1590 1861 1643 1900; x_wconf 86' lang='lat' dir='ltr'><strong>si·</strong></span> 
     </span>
     <span class='ocr_line' id='line_1_71' title="bbox 1038 1919 1644 1976; baseline -0.002 -16"><span class='ocrx_word' id='word_1_296' title='bbox 1038 1949 1066 1969; x_wconf 78' lang='lat'><strong>‚,</strong></span> <span class='ocrx_word' id='word_1_297' title='bbox 1103 1919 1285 1973; x_wconf 83' lang='lat' dir='ltr'><strong>quidem</strong></span> <span class='ocrx_word' id='word_1_298' title='bbox 1325 1921 1469 1976; x_wconf 84' lang='lat' dir='ltr'><strong>legem</strong></span> <span class='ocrx_word' id='word_1_299' title='bbox 1495 1948 1508 1966; x_wconf 88' lang='lat'><strong>‚</strong></span> <span class='ocrx_word' id='word_1_300' title='bbox 1547 1931 1644 1973; x_wconf 79' lang='lat' dir='ltr'><strong>quae</strong></span> 
     </span>
     <span class='ocr_line' id='line_1_72' title="bbox 1040 1980 1640 2028; baseline 0.005 -9"><span class='ocrx_word' id='word_1_301' title='bbox 1040 2008 1070 2028; x_wconf 82' lang='lat'><strong>,‚</strong></span> <span class='ocrx_word' id='word_1_302' title='bbox 1104 1981 1342 2021; x_wconf 78' lang='lat' dir='ltr'><strong>necessario</strong></span> <span class='ocrx_word' id='word_1_303' title='bbox 1357 1981 1402 2019; x_wconf 91' lang='lat' dir='ltr'><strong>in</strong></span> <span class='ocrx_word' id='word_1_304' title='bbox 1420 1980 1510 2021; x_wconf 86' lang='lat' dir='ltr'><strong>dati</strong></span> <span class='ocrx_word' id='word_1_305' title='bbox 1533 2008 1545 2026; x_wconf 90' lang='lat'>‚</span> <span class='ocrx_word' id='word_1_306' title='bbox 1578 1989 1640 2022; x_wconf 80' lang='lat' dir='ltr'><strong>at·</strong></span> 
     </span>
     <span class='ocr_line' id='line_1_73' title="bbox 1039 2037 1644 2094; baseline 0.003 -16"><span class='ocrx_word' id='word_1_307' title='bbox 1039 2068 1068 2087; x_wconf 88' lang='lat'>„</span> <span class='ocrx_word' id='word_1_308' title='bbox 1100 2051 1189 2094; x_wconf 85' lang='lat' dir='ltr'><strong>que</strong></span> <span class='ocrx_word' id='word_1_309' title='bbox 1229 2039 1387 2081; x_wconf 86' lang='lat' dir='ltr'><strong>redditi</strong></span> <span class='ocrx_word' id='word_1_310' title='bbox 1418 2037 1644 2093; x_wconf 70' lang='lat' dir='ltr'><strong>aequalita-</strong></span> 
     </span>
     <span class='ocr_line' id='line_1_74' title="bbox 1039 2096 1644 2154; baseline -0.005 -13"><span class='ocrx_word' id='word_1_311' title='bbox 1039 2127 1075 2146; x_wconf 84' lang='lat'><strong>‚‚</strong></span> <span class='ocrx_word' id='word_1_312' title='bbox 1106 2110 1149 2141; x_wconf 90' lang='lat' dir='ltr'><strong>te</strong></span> <span class='ocrx_word' id='word_1_313' title='bbox 1165 2109 1364 2141; x_wconf 82' lang='lat' dir='ltr'><strong>versatur</strong></span> <span class='ocrx_word' id='word_1_314' title='bbox 1403 2111 1529 2154; x_wconf 79' lang='lat' dir='ltr'><strong>agere</strong></span> <span class='ocrx_word' id='word_1_315' title='bbox 1565 2096 1644 2138; x_wconf 78' lang='lat' dir='ltr'><strong>ine</strong></span> 
     </span>
     <span class='ocr_line' id='line_1_75' title="bbox 1041 2158 1641 2214; baseline -0.005 -14"><span class='ocrx_word' id='word_1_316' title='bbox 1041 2187 1072 2206; x_wconf 88' lang='lat'><strong>‚,</strong></span> <span class='ocrx_word' id='word_1_317' title='bbox 1102 2159 1385 2200; x_wconf 86' lang='lat' dir='ltr'><strong>convincitur</strong></span> <span class='ocrx_word' id='word_1_318' title='bbox 1407 2188 1419 2206; x_wconf 84' lang='lat'>‚</span> <span class='ocrx_word' id='word_1_319' title='bbox 1440 2158 1641 2214; x_wconf 85' lang='lat' dir='ltr'><strong>quisquis</strong></span> 
     </span>
     <span class='ocr_line' id='line_1_76' title="bbox 1041 2216 1642 2272; baseline -0.002 -13"><span class='ocrx_word' id='word_1_320' title='bbox 1041 2246 1073 2266; x_wconf 84' lang='lat'><strong>‚‚</strong></span> <span class='ocrx_word' id='word_1_321' title='bbox 1104 2216 1259 2259; x_wconf 75' lang='lat' dir='ltr'><strong>eadem</strong></span> <span class='ocrx_word' id='word_1_322' title='bbox 1285 2218 1540 2272; x_wconf 73' lang='lat' dir='ltr'><strong>aequalitate</strong></span> <span class='ocrx_word' id='word_1_323' title='bbox 1565 2231 1642 2258; x_wconf 88' lang='lat' dir='ltr'><strong>se-</strong></span> 
     </span>
     <span class='ocr_line' id='line_1_77' title="bbox 1040 2276 1643 2333; baseline -0.002 -14"><span class='ocrx_word' id='word_1_324' title='bbox 1040 2306 1071 2325; x_wconf 82' lang='lat'><strong>‚.</strong></span> <span class='ocrx_word' id='word_1_325' title='bbox 1105 2276 1195 2318; x_wconf 87' lang='lat' dir='ltr'><strong>mel</strong></span> <span class='ocrx_word' id='word_1_326' title='bbox 1226 2278 1365 2332; x_wconf 81' lang='lat' dir='ltr'><strong>posita</strong></span> <span class='ocrx_word' id='word_1_327' title='bbox 1390 2307 1401 2325; x_wconf 89' lang='lat'>‚</span> <span class='ocrx_word' id='word_1_328' title='bbox 1435 2276 1533 2333; x_wconf 83' lang='lat' dir='ltr'><strong>plus</strong></span> <span class='ocrx_word' id='word_1_329' title='bbox 1552 2276 1643 2318; x_wconf 79' lang='lat' dir='ltr'><strong>ali-</strong></span> 
     </span>
     <span class='ocr_line' id='line_1_78' title="bbox 1041 2335 1641 2392; baseline 0 -16"><span class='ocrx_word' id='word_1_330' title='bbox 1041 2365 1072 2385; x_wconf 84' lang='lat'><strong>„</strong></span> <span class='ocrx_word' id='word_1_331' title='bbox 1103 2337 1223 2391; x_wconf 80' lang='lat' dir='ltr'><strong>quod</strong></span> <span class='ocrx_word' id='word_1_332' title='bbox 1246 2366 1258 2384; x_wconf 87' lang='lat'>‚</span> <span class='ocrx_word' id='word_1_333' title='bbox 1290 2351 1313 2379; x_wconf 80' lang='lat' dir='ltr'>a</span> <span class='ocrx_word' id='word_1_334' title='bbox 1362 2337 1565 2392; x_wconf 89' lang='lat' dir='ltr'><strong>quolibet</strong></span> <span class='ocrx_word' id='word_1_335' title='bbox 1591 2335 1641 2379; x_wconf 90' lang='lat' dir='ltr'><strong>vi</strong></span> 
     </span>
     <span class='ocr_line' id='line_1_79' title="bbox 1044 2397 1644 2451; baseline -0.002 -15"><span class='ocrx_word' id='word_1_336' title='bbox 1044 2425 1075 2446; x_wconf 88' lang='lat'>„</span> <span class='ocrx_word' id='word_1_337' title='bbox 1106 2398 1253 2438; x_wconf 86' lang='lat' dir='ltr'><strong>mutui</strong></span> <span class='ocrx_word' id='word_1_338' title='bbox 1276 2397 1410 2451; x_wconf 79' lang='lat' dir='ltr'><strong>ipsius</strong></span> <span class='ocrx_word' id='word_1_339' title='bbox 1427 2425 1439 2444; x_wconf 90' lang='lat'>,</span> <span class='ocrx_word' id='word_1_340' title='bbox 1475 2397 1544 2438; x_wconf 82' lang='lat' dir='ltr'><strong>cui</strong></span> <span class='ocrx_word' id='word_1_341' title='bbox 1564 2407 1644 2449; x_wconf 82' lang='lat' dir='ltr'><strong>per</strong></span> 
     </span>
     <span class='ocr_line' id='line_1_80' title="bbox 1043 2455 1663 2510; baseline 0.003 -14"><span class='ocrx_word' id='word_1_342' title='bbox 1043 2484 1074 2504; x_wconf 85' lang='lat'>„</span> <span class='ocrx_word' id='word_1_343' title='bbox 1103 2456 1270 2508; x_wconf 74' lang='lat' dir='ltr'><strong>aequaie</strong></span> <span class='ocrx_word' id='word_1_344' title='bbox 1299 2455 1389 2510; x_wconf 84' lang='lat' dir='ltr'><strong>jam</strong></span> <span class='ocrx_word' id='word_1_345' title='bbox 1435 2456 1538 2498; x_wconf 76' lang='lat' dir='ltr'><strong>satis</strong></span> <span class='ocrx_word' id='word_1_346' title='bbox 1575 2464 1663 2497; x_wconf 59' lang='lat' dir='ltr'><strong>est-1</strong></span> 
     </span>
     <span class='ocr_line' id='line_1_81' title="bbox 1042 2511 1644 2571; baseline -0.002 -17"><span class='ocrx_word' id='word_1_347' title='bbox 1042 2543 1072 2562; x_wconf 80' lang='lat'><strong>‚‚</strong></span> <span class='ocrx_word' id='word_1_348' title='bbox 1102 2511 1272 2556; x_wconf 82' lang='lat' dir='ltr'><strong>factum</strong></span> <span class='ocrx_word' id='word_1_349' title='bbox 1293 2545 1305 2562; x_wconf 83' lang='lat'>,</span> <span class='ocrx_word' id='word_1_350' title='bbox 1337 2515 1518 2571; x_wconf 24' lang='lat' dir='ltr'><strong>exigere,</strong></span> <span class='ocrx_word' id='word_1_351' title='bbox 1555 2514 1644 2554; x_wconf 50' lang='lat' dir='ltr'><strong>adm</strong></span> 
     </span>
     <span class='ocr_line' id='line_1_82' title="bbox 1042 2573 1643 2640; baseline -0.005 -24"><span class='ocrx_word' id='word_1_352' title='bbox 1042 2602 1074 2622; x_wconf 91' lang='lat'><strong>,‚</strong></span> <span class='ocrx_word' id='word_1_353' title='bbox 1104 2573 1191 2618; x_wconf 87' lang='lat' dir='ltr'><strong>huc</strong></span> <span class='ocrx_word' id='word_1_354' title='bbox 1222 2585 1643 2640; x_wconf 60' lang='lat' dir='ltr'><strong>nonveretunpto,</strong></span> 
     </span>
    </p>

    <p class='ocr_par' dir='ltr' id='par_1_8' title="bbox 1577 2646 1646 2675">
     <span class='ocr_line' id='line_1_83' title="bbox 1577 2646 1646 2675; baseline 0 0"><span class='ocrx_word' id='word_1_355' title='bbox 1577 2646 1646 2675; x_wconf 84' lang='lat' dir='ltr'><strong>m-</strong></span> 
     </span>
    </p>
   </div>
  </div>
 </body>
</html>
