<?xml version="1.0" encoding="UTF-8"?>
<!DOCTYPE html PUBLIC "-//W3C//DTD XHTML 1.0 Transitional//EN"
    "http://www.w3.org/TR/xhtml1/DTD/xhtml1-transitional.dtd">
<html xmlns="http://www.w3.org/1999/xhtml" xml:lang="en" lang="en">
 <head>
  <title>
</title>
<meta http-equiv="Content-Type" content="text/html;charset=utf-8" />
  <meta name='ocr-system' content='tesseract 3.04.00' />
  <meta name='ocr-capabilities' content='ocr_page ocr_carea ocr_par ocr_line ocrx_word'/>
</head>
<body>
  <div class='ocr_page' id='page_1' title='image "./tractatusdemutuo00corruoft_0045.png"; bbox 0 0 1889 2863; ppageno 0'>
   <div class='ocr_carea' id='block_1_1' title="bbox 393 43 412 63">
    <p class='ocr_par' dir='ltr' id='par_1_1' title="bbox 393 43 412 63">
     <span class='ocr_line' id='line_1_1' title="bbox 393 43 412 63; baseline 0 0"><span class='ocrx_word' id='word_1_1' title='bbox 393 43 412 63; x_wconf 66' lang='lat' dir='ltr'>A</span> 
     </span>
    </p>
   </div>
   <div class='ocr_carea' id='block_1_2' title="bbox 788 134 958 188">
    <p class='ocr_par' dir='ltr' id='par_1_2' title="bbox 788 134 958 188">
     <span class='ocr_line' id='line_1_2' title="bbox 788 134 958 188; baseline 0.012 -2"><span class='ocrx_word' id='word_1_2' title='bbox 788 134 958 188; x_wconf 79' lang='lat'>(41)</span> 
     </span>
    </p>
   </div>
   <div class='ocr_carea' id='block_1_3' title="bbox 183 192 851 2544">
    <p class='ocr_par' dir='ltr' id='par_1_3' title="bbox 239 192 844 305">
     <span class='ocr_line' id='line_1_3' title="bbox 240 192 844 253; baseline -0.005 -14"><span class='ocrx_word' id='word_1_3' title='bbox 240 226 270 246; x_wconf 51' lang='lat'>5,</span> <span class='ocrx_word' id='word_1_4' title='bbox 303 196 479 253; x_wconf 76' lang='lat' dir='ltr'>pliciter</span> <span class='ocrx_word' id='word_1_5' title='bbox 551 195 606 238; x_wconf 78' lang='lat' dir='ltr'>ab</span> <span class='ocrx_word' id='word_1_6' title='bbox 667 192 844 236; x_wconf 80' lang='lat' dir='ltr'>haben-</span> 
     </span>
     <span class='ocr_line' id='line_1_4' title="bbox 239 259 386 305; baseline 0 -7"><span class='ocrx_word' id='word_1_7' title='bbox 239 287 268 305; x_wconf 80' lang='lat'><strong>„</strong></span> <span class='ocrx_word' id='word_1_8' title='bbox 301 259 355 298; x_wconf 81' lang='lat' dir='ltr'>do</span> <span class='ocrx_word' id='word_1_9' title='bbox 375 288 386 298; x_wconf 86' lang='lat'><strong>.</strong></span> 
     </span>
    </p>

    <p class='ocr_par' dir='ltr' id='par_1_4' title="bbox 183 316 851 2544">
     <span class='ocr_line' id='line_1_5' title="bbox 183 316 845 376; baseline -0.003 -18"><span class='ocrx_word' id='word_1_10' title='bbox 183 317 286 359; x_wconf 76' lang='lat' dir='ltr'>Haec</span> <span class='ocrx_word' id='word_1_11' title='bbox 308 319 443 376; x_wconf 84' lang='lat' dir='ltr'>igitur</span> <span class='ocrx_word' id='word_1_12' title='bbox 454 329 548 370; x_wconf 85' lang='lat' dir='ltr'>spes</span> <span class='ocrx_word' id='word_1_13' title='bbox 579 328 633 358; x_wconf 79' lang='lat' dir='ltr'>ex</span> <span class='ocrx_word' id='word_1_14' title='bbox 654 316 845 371; x_wconf 84' lang='lat' dir='ltr'>pecunia</span> 
     </span>
     <span class='ocr_line' id='line_1_6' title="bbox 239 376 846 419; baseline -0.007 -1"><span class='ocrx_word' id='word_1_15' title='bbox 239 377 434 419; x_wconf 76' lang='lat' dir='ltr'>lucrandi</span> <span class='ocrx_word' id='word_1_16' title='bbox 456 378 700 419; x_wconf 81' lang='lat' dir='ltr'>mutuatori</span> <span class='ocrx_word' id='word_1_17' title='bbox 724 376 846 417; x_wconf 83' lang='lat' dir='ltr'>titu-</span> 
     </span>
     <span class='ocr_line' id='line_1_7' title="bbox 239 435 846 488; baseline 0.002 -10"><span class='ocrx_word' id='word_1_18' title='bbox 239 440 331 478; x_wconf 82' lang='lat' dir='ltr'>lum</span> <span class='ocrx_word' id='word_1_19' title='bbox 356 435 522 488; x_wconf 82' lang='lat' dir='ltr'>justum</span> <span class='ocrx_word' id='word_1_20' title='bbox 548 447 637 476; x_wconf 84' lang='lat' dir='ltr'>non</span> <span class='ocrx_word' id='word_1_21' title='bbox 687 437 846 485; x_wconf 70' lang='lat' dir='ltr'>tribuit</span> 
     </span>
     <span class='ocr_line' id='line_1_8' title="bbox 237 493 845 553; baseline -0.003 -15"><span class='ocrx_word' id='word_1_22' title='bbox 237 496 293 539; x_wconf 83' lang='lat' dir='ltr'>ad</span> <span class='ocrx_word' id='word_1_23' title='bbox 320 497 586 553; x_wconf 82' lang='lat' dir='ltr'>exigendum</span> <span class='ocrx_word' id='word_1_24' title='bbox 608 493 631 537; x_wconf 69' lang='grc' dir='ltr'>ΣΊ</span> <span class='ocrx_word' id='word_1_25' title='bbox 668 508 845 538; x_wconf 85' lang='lat' dir='ltr'>mutua·</span> 
     </span>
     <span class='ocr_line' id='line_1_9' title="bbox 242 557 847 612; baseline -0.003 -13"><span class='ocrx_word' id='word_1_26' title='bbox 242 559 352 600; x_wconf 83' lang='lat' dir='ltr'>tario</span> <span class='ocrx_word' id='word_1_27' title='bbox 365 557 567 610; x_wconf 83' lang='lat' dir='ltr'>aliquam·</span> <span class='ocrx_word' id='word_1_28' title='bbox 593 569 847 612; x_wconf 79' lang='lat' dir='ltr'>recompen-</span> 
     </span>
     <span class='ocr_line' id='line_1_10' title="bbox 239 616 846 672; baseline -0.003 -13"><span class='ocrx_word' id='word_1_29' title='bbox 239 618 457 660; x_wconf 81' lang='lat' dir='ltr'>sationem</span> <span class='ocrx_word' id='word_1_30' title='bbox 482 647 492 658; x_wconf 93' lang='lat'>.</span> <span class='ocrx_word' id='word_1_31' title='bbox 556 616 671 672; x_wconf 85' lang='lat' dir='ltr'>Quia</span> <span class='ocrx_word' id='word_1_32' title='bbox 732 616 846 657; x_wconf 84' lang='lat' dir='ltr'>hanc</span> 
     </span>
     <span class='ocr_line' id='line_1_11' title="bbox 236 675 846 733; baseline -0.003 -14"><span class='ocrx_word' id='word_1_33' title='bbox 236 691 357 733; x_wconf 89' lang='lat' dir='ltr'>spem</span> <span class='ocrx_word' id='word_1_34' title='bbox 376 691 428 718; x_wconf 83' lang='lat' dir='ltr'>ex</span> <span class='ocrx_word' id='word_1_35' title='bbox 447 677 636 731; x_wconf 82' lang='lat' dir='ltr'>pecunia</span> <span class='ocrx_word' id='word_1_36' title='bbox 675 675 846 717; x_wconf 79' lang='lat' dir='ltr'>lucran-</span> 
     </span>
     <span class='ocr_line' id='line_1_12' title="bbox 237 739 845 791; baseline -0.005 -11"><span class='ocrx_word' id='word_1_37' title='bbox 237 739 280 779; x_wconf 86' lang='lat' dir='ltr'>di</span> <span class='ocrx_word' id='word_1_38' title='bbox 294 750 447 780; x_wconf 85' lang='lat' dir='ltr'>Omnes</span> <span class='ocrx_word' id='word_1_39' title='bbox 464 748 738 780; x_wconf 80' lang='lat' dir='ltr'>mutuatores</span> <span class='ocrx_word' id='word_1_40' title='bbox 761 750 845 791; x_wconf 83' lang='lat' dir='ltr'>prae</span> 
     </span>
     <span class='ocr_line' id='line_1_13' title="bbox 239 794 845 852; baseline -0.005 -11"><span class='ocrx_word' id='word_1_41' title='bbox 239 798 419 841; x_wconf 86' lang='lat' dir='ltr'>tendere</span> <span class='ocrx_word' id='word_1_42' title='bbox 439 809 625 852; x_wconf 71' lang='lat' dir='ltr'>possunt</span> <span class='ocrx_word' id='word_1_43' title='bbox 651 828 660 837; x_wconf 93' lang='lat'><strong>.</strong></span> <span class='ocrx_word' id='word_1_44' title='bbox 685 794 845 838; x_wconf 78' lang='lat' dir='ltr'>&amp;cum</span> 
     </span>
     <span class='ocr_line' id='line_1_14' title="bbox 235 858 851 912; baseline 0 -13"><span class='ocrx_word' id='word_1_45' title='bbox 235 868 397 899; x_wconf 86' lang='lat' dir='ltr'>mutuo</span> <span class='ocrx_word' id='word_1_46' title='bbox 416 871 590 912; x_wconf 75' lang='lat' dir='ltr'>semper</span> <span class='ocrx_word' id='word_1_47' title='bbox 610 858 851 906; x_wconf 81' lang='lat' dir='ltr'>concurrit,</span> 
     </span>
     <span class='ocr_line' id='line_1_15' title="bbox 233 917 848 972; baseline 0 -12"><span class='ocrx_word' id='word_1_48' title='bbox 233 930 286 960; x_wconf 89' lang='lat' dir='ltr'>ut</span> <span class='ocrx_word' id='word_1_49' title='bbox 336 931 466 972; x_wconf 84' lang='lat' dir='ltr'>supra</span> <span class='ocrx_word' id='word_1_50' title='bbox 517 917 690 959; x_wconf 87' lang='lat' dir='ltr'>dictum</span> <span class='ocrx_word' id='word_1_51' title='bbox 742 929 848 968; x_wconf 78' lang='lat' dir='ltr'>est;</span> 
     </span>
     <span class='ocr_line' id='line_1_16' title="bbox 233 979 848 1032; baseline -0.002 -12"><span class='ocrx_word' id='word_1_52' title='bbox 233 979 515 1032; x_wconf 81' lang='lat' dir='ltr'>Proindeque</span> <span class='ocrx_word' id='word_1_53' title='bbox 577 990 734 1019; x_wconf 87' lang='lat' dir='ltr'>omnes</span> <span class='ocrx_word' id='word_1_54' title='bbox 795 992 848 1019; x_wconf 78' lang='lat' dir='ltr'>ex</span> 
     </span>
     <span class='ocr_line' id='line_1_17' title="bbox 235 1038 848 1093; baseline 0.002 -15"><span class='ocrx_word' id='word_1_55' title='bbox 235 1039 318 1079; x_wconf 78' lang='lat' dir='ltr'>hoc</span> <span class='ocrx_word' id='word_1_56' title='bbox 341 1040 487 1093; x_wconf 80' lang='lat' dir='ltr'>capite</span> <span class='ocrx_word' id='word_1_57' title='bbox 539 1038 720 1092; x_wconf 84' lang='lat' dir='ltr'>aliquod</span> <span class='ocrx_word' id='word_1_58' title='bbox 767 1038 848 1079; x_wconf 84' lang='lat' dir='ltr'>lu-</span> 
     </span>
     <span class='ocr_line' id='line_1_18' title="bbox 234 1101 844 1154; baseline -0.002 -14"><span class='ocrx_word' id='word_1_59' title='bbox 234 1112 356 1140; x_wconf 81' lang='lat' dir='ltr'>crum</span> <span class='ocrx_word' id='word_1_60' title='bbox 378 1114 430 1140; x_wconf 82' lang='lat' dir='ltr'>ex</span> <span class='ocrx_word' id='word_1_61' title='bbox 453 1101 642 1154; x_wconf 84' lang='lat' dir='ltr'>pecunia</span> <span class='ocrx_word' id='word_1_62' title='bbox 684 1110 844 1140; x_wconf 87' lang='lat' dir='ltr'>mutuo</span> 
     </span>
     <span class='ocr_line' id='line_1_19' title="bbox 234 1157 844 1217; baseline 0 -17"><span class='ocrx_word' id='word_1_63' title='bbox 234 1159 335 1200; x_wconf 80' lang='lat' dir='ltr'>data</span> <span class='ocrx_word' id='word_1_64' title='bbox 355 1160 532 1217; x_wconf 81' lang='lat' dir='ltr'>exigere</span> <span class='ocrx_word' id='word_1_65' title='bbox 552 1170 728 1215; x_wconf 85' lang='lat' dir='ltr'>possent</span> <span class='ocrx_word' id='word_1_66' title='bbox 745 1157 844 1209; x_wconf 72' lang='lat' dir='ltr'>3T1-</span> 
     </span>
     <span class='ocr_line' id='line_1_20' title="bbox 236 1216 845 1277; baseline -0.002 -15"><span class='ocrx_word' id='word_1_67' title='bbox 236 1220 356 1262; x_wconf 75' lang='lat' dir='ltr'>tulus·</span> <span class='ocrx_word' id='word_1_68' title='bbox 378 1233 478 1277; x_wconf 82' lang='lat' dir='ltr'>ergo</span> <span class='ocrx_word' id='word_1_69' title='bbox 499 1222 579 1262; x_wconf 81' lang='lat' dir='ltr'>iste</span> <span class='ocrx_word' id='word_1_70' title='bbox 595 1216 748 1276; x_wconf 64' lang='lat' dir='ltr'>ex2i11is</span> <span class='ocrx_word' id='word_1_71' title='bbox 764 1230 845 1268; x_wconf 66' lang='lat' dir='ltr'>est,</span> 
     </span>
     <span class='ocr_line' id='line_1_21' title="bbox 233 1278 845 1334; baseline 0.005 -14"><span class='ocrx_word' id='word_1_72' title='bbox 233 1281 314 1334; x_wconf 83' lang='lat' dir='ltr'>qui</span> <span class='ocrx_word' id='word_1_73' title='bbox 338 1293 499 1323; x_wconf 81' lang='lat' dir='ltr'>mutuo</span> <span class='ocrx_word' id='word_1_74' title='bbox 521 1281 747 1322; x_wconf 79' lang='lat' dir='ltr'>intrinseci</span> <span class='ocrx_word' id='word_1_75' title='bbox 773 1310 783 1328; x_wconf 84' lang='lat'>,</span> <span class='ocrx_word' id='word_1_76' title='bbox 800 1278 845 1323; x_wconf 64' lang='lat' dir='ltr'>&amp;z</span> 
     </span>
     <span class='ocr_line' id='line_1_22' title="bbox 234 1343 845 1395; baseline -0.002 -12"><span class='ocrx_word' id='word_1_77' title='bbox 234 1343 379 1383; x_wconf 87' lang='lat' dir='ltr'>innati</span> <span class='ocrx_word' id='word_1_78' title='bbox 423 1352 529 1383; x_wconf 76' lang='lat' dir='ltr'>sunt</span> <span class='ocrx_word' id='word_1_79' title='bbox 580 1372 592 1389; x_wconf 82' lang='lat'><em>‚</em></span> <span class='ocrx_word' id='word_1_80' title='bbox 654 1353 845 1395; x_wconf 86' lang='lat' dir='ltr'>quorum</span> 
     </span>
     <span class='ocr_line' id='line_1_23' title="bbox 201 1401 845 1455; baseline -0.003 -11"><span class='ocrx_word' id='word_1_81' title='bbox 201 1441 205 1444; x_wconf 86' lang='lat'>.</span> <span class='ocrx_word' id='word_1_82' title='bbox 232 1413 318 1455; x_wconf 87' lang='lat' dir='ltr'>ope</span> <span class='ocrx_word' id='word_1_83' title='bbox 368 1401 483 1443; x_wconf 74' lang='lat' dir='ltr'>nihil</span> <span class='ocrx_word' id='word_1_84' title='bbox 524 1401 639 1444; x_wconf 87' lang='lat' dir='ltr'>ultra</span> <span class='ocrx_word' id='word_1_85' title='bbox 679 1413 845 1443; x_wconf 79' lang='lat' dir='ltr'>sortem</span> 
     </span>
     <span class='ocr_line' id='line_1_24' title="bbox 233 1462 846 1517; baseline 0 -14"><span class='ocrx_word' id='word_1_86' title='bbox 233 1463 348 1517; x_wconf 77' lang='lat' dir='ltr'>exigi</span> <span class='ocrx_word' id='word_1_87' title='bbox 371 1472 516 1517; x_wconf 86' lang='lat' dir='ltr'>potest</span> <span class='ocrx_word' id='word_1_88' title='bbox 541 1493 550 1502; x_wconf 91' lang='lat'>.</span> <span class='ocrx_word' id='word_1_89' title='bbox 574 1462 735 1516; x_wconf 80' lang='lat' dir='ltr'>Neque</span> <span class='ocrx_word' id='word_1_90' title='bbox 773 1476 846 1503; x_wconf 91' lang='lat' dir='ltr'>ve-</span> 
     </span>
     <span class='ocr_line' id='line_1_25' title="bbox 234 1522 846 1564; baseline 0 -2"><span class='ocrx_word' id='word_1_91' title='bbox 234 1534 282 1563; x_wconf 85' lang='lat' dir='ltr'>ro</span> <span class='ocrx_word' id='word_1_92' title='bbox 305 1523 432 1564; x_wconf 82' lang='lat' dir='ltr'>docet</span> <span class='ocrx_word' id='word_1_93' title='bbox 454 1523 524 1562; x_wconf 86' lang='lat' dir='ltr'>hic</span> <span class='ocrx_word' id='word_1_94' title='bbox 539 1523 725 1564; x_wconf 82' lang='lat' dir='ltr'>Sanctus</span> <span class='ocrx_word' id='word_1_95' title='bbox 759 1522 846 1562; x_wconf 89' lang='lat' dir='ltr'>Do-</span> 
     </span>
     <span class='ocr_line' id='line_1_26' title="bbox 235 1581 846 1636; baseline 0 -13"><span class='ocrx_word' id='word_1_96' title='bbox 235 1593 332 1624; x_wconf 83' lang='lat' dir='ltr'>ctor</span> <span class='ocrx_word' id='word_1_97' title='bbox 347 1581 566 1625; x_wconf 83' lang='lat' dir='ltr'>contraria</span> <span class='ocrx_word' id='word_1_98' title='bbox 602 1583 652 1623; x_wconf 90' lang='lat' dir='ltr'>iis</span> <span class='ocrx_word' id='word_1_99' title='bbox 686 1612 698 1629; x_wconf 87' lang='lat'>‚</span> <span class='ocrx_word' id='word_1_100' title='bbox 746 1596 846 1636; x_wconf 74' lang='lat' dir='ltr'>quce</span> 
     </span>
     <span class='ocr_line' id='line_1_27' title="bbox 233 1643 847 1697; baseline -0.002 -14"><span class='ocrx_word' id='word_1_101' title='bbox 233 1653 388 1697; x_wconf 70' lang='lat' dir='ltr'>quaest.</span> <span class='ocrx_word' id='word_1_102' title='bbox 411 1648 484 1685; x_wconf 85' lang='lat'>62.</span> <span class='ocrx_word' id='word_1_103' title='bbox 502 1653 586 1685; x_wconf 86' lang='lat' dir='ltr'>art.</span> <span class='ocrx_word' id='word_1_104' title='bbox 609 1655 653 1691; x_wconf 81' lang='grc'>4.</span> <span class='ocrx_word' id='word_1_105' title='bbox 688 1643 847 1684; x_wconf 80' lang='lat' dir='ltr'>docue-</span> 
     </span>
     <span class='ocr_line' id='line_1_28' title="bbox 236 1703 843 1750; baseline -0.003 -5"><span class='ocrx_word' id='word_1_106' title='bbox 236 1715 304 1745; x_wconf 78' lang='lat' dir='ltr'>rat</span> <span class='ocrx_word' id='word_1_107' title='bbox 327 1733 338 1750; x_wconf 89' lang='lat'><strong>‚</strong></span> <span class='ocrx_word' id='word_1_108' title='bbox 353 1704 428 1744; x_wconf 85' lang='lat' dir='ltr'>sed</span> <span class='ocrx_word' id='word_1_109' title='bbox 442 1716 592 1745; x_wconf 85' lang='lat' dir='ltr'>casum</span> <span class='ocrx_word' id='word_1_110' title='bbox 617 1703 843 1746; x_wconf 81' lang='lat' dir='ltr'>diversum</span> 
     </span>
     <span class='ocr_line' id='line_1_29' title="bbox 234 1763 843 1819; baseline 0.005 -16"><span class='ocrx_word' id='word_1_111' title='bbox 234 1764 446 1819; x_wconf 63' lang='lat' dir='ltr'>proponit</span> <span class='ocrx_word' id='word_1_112' title='bbox 465 1795 476 1806; x_wconf 89' lang='lat'>.</span> <span class='ocrx_word' id='word_1_113' title='bbox 518 1763 584 1805; x_wconf 88' lang='lat' dir='ltr'>lbi</span> <span class='ocrx_word' id='word_1_114' title='bbox 618 1765 738 1806; x_wconf 79' lang='lat' dir='ltr'>enim</span> <span class='ocrx_word' id='word_1_115' title='bbox 788 1763 843 1806; x_wconf 89' lang='lat' dir='ltr'>de</span> 
     </span>
     <span class='ocr_line' id='line_1_30' title="bbox 237 1824 842 1881; baseline 0.002 -17"><span class='ocrx_word' id='word_1_116' title='bbox 237 1824 436 1881; x_wconf 64' lang='lat' dir='ltr'>debitote</span> <span class='ocrx_word' id='word_1_117' title='bbox 459 1836 626 1867; x_wconf 76' lang='lat' dir='ltr'>moroso</span> <span class='ocrx_word' id='word_1_118' title='bbox 666 1825 842 1868; x_wconf 81' lang='lat' dir='ltr'>locutus</span> 
     </span>
     <span class='ocr_line' id='line_1_31' title="bbox 233 1883 843 1940; baseline 0 -15"><span class='ocrx_word' id='word_1_119' title='bbox 233 1884 412 1934; x_wconf 78' lang='lat' dir='ltr'>fuerat,</span> <span class='ocrx_word' id='word_1_120' title='bbox 449 1885 526 1940; x_wconf 86' lang='lat' dir='ltr'>qui</span> <span class='ocrx_word' id='word_1_121' title='bbox 542 1883 596 1926; x_wconf 85' lang='lat' dir='ltr'>ad</span> <span class='ocrx_word' id='word_1_122' title='bbox 643 1898 843 1939; x_wconf 85' lang='lat' dir='ltr'>reparan-</span> 
     </span>
     <span class='ocr_line' id='line_1_32' title="bbox 235 1944 846 1988; baseline 0.002 -3"><span class='ocrx_word' id='word_1_123' title='bbox 235 1944 291 1985; x_wconf 81' lang='lat' dir='ltr'>da</span> <span class='ocrx_word' id='word_1_124' title='bbox 323 1946 475 1988; x_wconf 83' lang='lat' dir='ltr'>omnia</span> <span class='ocrx_word' id='word_1_125' title='bbox 505 1944 665 1987; x_wconf 85' lang='lat' dir='ltr'>damna</span> <span class='ocrx_word' id='word_1_126' title='bbox 695 1945 846 1987; x_wconf 82' lang='lat' dir='ltr'>credi-</span> 
     </span>
     <span class='ocr_line' id='line_1_33' title="bbox 239 2005 847 2048; baseline 0.003 -2"><span class='ocrx_word' id='word_1_127' title='bbox 239 2005 324 2046; x_wconf 82' lang='lat' dir='ltr'>tori</span> <span class='ocrx_word' id='word_1_128' title='bbox 347 2018 424 2048; x_wconf 82' lang='lat' dir='ltr'>sua</span> <span class='ocrx_word' id='word_1_129' title='bbox 448 2017 567 2047; x_wconf 84' lang='lat' dir='ltr'>mora</span> <span class='ocrx_word' id='word_1_130' title='bbox 600 2006 725 2048; x_wconf 79' lang='lat' dir='ltr'>illata</span> <span class='ocrx_word' id='word_1_131' title='bbox 771 2008 847 2048; x_wconf 90' lang='lat' dir='ltr'>ob.</span> 
     </span>
     <span class='ocr_line' id='line_1_34' title="bbox 241 2065 841 2113; baseline 0.002 -7"><span class='ocrx_word' id='word_1_132' title='bbox 241 2065 397 2106; x_wconf 78' lang='lat' dir='ltr'>noxius</span> <span class='ocrx_word' id='word_1_133' title='bbox 419 2076 513 2107; x_wconf 89' lang='lat' dir='ltr'>erat</span> <span class='ocrx_word' id='word_1_134' title='bbox 533 2096 543 2113; x_wconf 85' lang='lat'><em>‚</em></span> <span class='ocrx_word' id='word_1_135' title='bbox 557 2065 603 2109; x_wconf 82' lang='lat'>&amp;</span> <span class='ocrx_word' id='word_1_136' title='bbox 621 2069 737 2108; x_wconf 85' lang='lat' dir='ltr'>inter</span> <span class='ocrx_word' id='word_1_137' title='bbox 752 2067 841 2108; x_wconf 79' lang='lat' dir='ltr'>haec</span> 
     </span>
     <span class='ocr_line' id='line_1_35' title="bbox 237 2123 840 2169; baseline 0.008 -7"><span class='ocrx_word' id='word_1_138' title='bbox 237 2123 398 2165; x_wconf 84' lang='lat' dir='ltr'>damna</span> <span class='ocrx_word' id='word_1_139' title='bbox 418 2138 625 2169; x_wconf 85' lang='lat' dir='ltr'>numerat</span> <span class='ocrx_word' id='word_1_140' title='bbox 660 2125 840 2167; x_wconf 69' lang='lat' dir='ltr'>Sanetus</span> 
     </span>
     <span class='ocr_line' id='line_1_36' title="bbox 236 2181 843 2229; baseline 0.007 -7"><span class='ocrx_word' id='word_1_141' title='bbox 236 2181 402 2226; x_wconf 87' lang='lat' dir='ltr'>Doctor</span> <span class='ocrx_word' id='word_1_142' title='bbox 417 2187 552 2228; x_wconf 85' lang='lat' dir='ltr'>etiam</span> <span class='ocrx_word' id='word_1_143' title='bbox 573 2186 745 2229; x_wconf 80' lang='lat' dir='ltr'>lucrum</span> <span class='ocrx_word' id='word_1_144' title='bbox 780 2188 843 2227; x_wconf 89' lang='lat' dir='ltr'>in-</span> 
     </span>
     <span class='ocr_line' id='line_1_37' title="bbox 239 2246 842 2299; baseline 0.008 -15"><span class='ocrx_word' id='word_1_145' title='bbox 239 2253 490 2298; x_wconf 79' lang='lat' dir='ltr'>terceptum</span> <span class='ocrx_word' id='word_1_146' title='bbox 506 2276 518 2294; x_wconf 90' lang='lat'>,</span> <span class='ocrx_word' id='word_1_147' title='bbox 569 2247 690 2299; x_wconf 85' lang='lat' dir='ltr'>quod</span> <span class='ocrx_word' id='word_1_148' title='bbox 735 2246 842 2290; x_wconf 83' lang='lat' dir='ltr'>vult</span> 
     </span>
     <span class='ocr_line' id='line_1_38' title="bbox 233 2303 839 2362; baseline 0.007 -18"><span class='ocrx_word' id='word_1_149' title='bbox 233 2307 557 2359; x_wconf 74' lang='lat' dir='ltr'>recompensari</span> <span class='ocrx_word' id='word_1_150' title='bbox 593 2303 718 2354; x_wconf 85' lang='lat' dir='ltr'>iuxta</span> <span class='ocrx_word' id='word_1_151' title='bbox 767 2320 839 2362; x_wconf 86' lang='lat' dir='ltr'>pe-</span> 
     </span>
     <span class='ocr_line' id='line_1_39' title="bbox 234 2367 841 2415; baseline 0.007 -11"><span class='ocrx_word' id='word_1_152' title='bbox 234 2373 424 2405; x_wconf 79' lang='lat' dir='ltr'>ritorum</span> <span class='ocrx_word' id='word_1_153' title='bbox 463 2367 803 2409; x_wconf 66' lang='lat' dir='ltr'>aestimationem</span> <span class='ocrx_word' id='word_1_154' title='bbox 827 2397 841 2415; x_wconf 87' lang='lat'>,</span> 
     </span>
     <span class='ocr_line' id='line_1_40' title="bbox 204 2421 846 2475; baseline 0.009 -14"><span class='ocrx_word' id='word_1_155' title='bbox 204 2421 218 2428; x_wconf 73' lang='grc'><em>“</em></span> <span class='ocrx_word' id='word_1_156' title='bbox 234 2422 388 2466; x_wconf 85' lang='lat' dir='ltr'>habita</span> <span class='ocrx_word' id='word_1_157' title='bbox 438 2426 608 2468; x_wconf 84' lang='lat' dir='ltr'>ratione</span> <span class='ocrx_word' id='word_1_158' title='bbox 637 2424 812 2475; x_wconf 82' lang='lat' dir='ltr'>maioris</span> <span class='ocrx_word' id='word_1_159' title='bbox 831 2455 846 2474; x_wconf 89' lang='lat'><strong>‚</strong></span> 
     </span>
     <span class='ocr_line' id='line_1_41' title="bbox 234 2482 845 2544; baseline 0.01 -18"><span class='ocrx_word' id='word_1_160' title='bbox 234 2482 309 2526; x_wconf 78' lang='lat' dir='ltr'>vel</span> <span class='ocrx_word' id='word_1_161' title='bbox 324 2485 506 2532; x_wconf 76' lang='lat' dir='ltr'>minoris</span> <span class='ocrx_word' id='word_1_162' title='bbox 519 2485 845 2544; x_wconf 77' lang='lat' dir='ltr'>probabilitatis</span> 
     </span>
    </p>
   </div>
   <div class='ocr_carea' id='block_1_4' title="bbox 1009 192 1635 2588">
    <p class='ocr_par' dir='ltr' id='par_1_5' title="bbox 1009 192 1635 2588">
     <span class='ocr_line' id='line_1_42' title="bbox 1014 192 1624 252; baseline 0.01 -18"><span class='ocrx_word' id='word_1_163' title='bbox 1014 193 1124 235; x_wconf 83' lang='lat' dir='ltr'>lucri</span> <span class='ocrx_word' id='word_1_164' title='bbox 1153 193 1346 250; x_wconf 83' lang='lat' dir='ltr'>sperati,</span> <span class='ocrx_word' id='word_1_165' title='bbox 1397 192 1444 238; x_wconf 80' lang='lat'>&amp;</span> <span class='ocrx_word' id='word_1_166' title='bbox 1463 207 1624 252; x_wconf 80' lang='lat' dir='ltr'>expen-</span> 
     </span>
     <span class='ocr_line' id='line_1_43' title="bbox 1012 255 1625 310; baseline 0.003 -14"><span class='ocrx_word' id='word_1_167' title='bbox 1012 267 1156 296; x_wconf 87' lang='lat' dir='ltr'>sarum</span> <span class='ocrx_word' id='word_1_168' title='bbox 1181 267 1310 310; x_wconf 77' lang='lat' dir='ltr'>;quae</span> <span class='ocrx_word' id='word_1_169' title='bbox 1330 255 1383 296; x_wconf 80' lang='lat' dir='ltr'>ad</span> <span class='ocrx_word' id='word_1_170' title='bbox 1415 256 1528 297; x_wconf 84' lang='lat' dir='ltr'>illud</span> <span class='ocrx_word' id='word_1_171' title='bbox 1567 271 1625 298; x_wconf 82' lang='lat' dir='ltr'>as·</span> 
     </span>
     <span class='ocr_line' id='line_1_44' title="bbox 1014 315 1627 369; baseline 0.007 -14"><span class='ocrx_word' id='word_1_172' title='bbox 1014 315 1294 369; x_wconf 84' lang='lat' dir='ltr'>sequendum</span> <span class='ocrx_word' id='word_1_173' title='bbox 1341 317 1430 359; x_wconf 81' lang='lat' dir='ltr'>fieri</span> <span class='ocrx_word' id='word_1_174' title='bbox 1499 317 1627 359; x_wconf 88' lang='lat' dir='ltr'>debe-</span> 
     </span>
     <span class='ocr_line' id='line_1_45' title="bbox 1015 374 1630 431; baseline 0.002 -15"><span class='ocrx_word' id='word_1_175' title='bbox 1015 376 1123 418; x_wconf 83' lang='lat' dir='ltr'>bant</span> <span class='ocrx_word' id='word_1_176' title='bbox 1140 405 1150 416; x_wconf 89' lang='lat'><strong>.</strong></span> <span class='ocrx_word' id='word_1_177' title='bbox 1173 374 1237 418; x_wconf 90' lang='lat' dir='ltr'>At</span> <span class='ocrx_word' id='word_1_178' title='bbox 1255 388 1362 418; x_wconf 88' lang='lat' dir='ltr'>vero</span> <span class='ocrx_word' id='word_1_179' title='bbox 1384 376 1454 417; x_wconf 87' lang='lat' dir='ltr'>hic</span> <span class='ocrx_word' id='word_1_180' title='bbox 1487 376 1630 431; x_wconf 88' lang='lat' dir='ltr'>loqui-</span> 
     </span>
     <span class='ocr_line' id='line_1_46' title="bbox 1015 434 1627 490; baseline 0.005 -15"><span class='ocrx_word' id='word_1_181' title='bbox 1015 446 1087 479; x_wconf 86' lang='lat' dir='ltr'>tur</span> <span class='ocrx_word' id='word_1_182' title='bbox 1110 434 1161 475; x_wconf 89' lang='lat' dir='ltr'>de</span> <span class='ocrx_word' id='word_1_183' title='bbox 1182 445 1234 477; x_wconf 91' lang='lat' dir='ltr'>eo</span> <span class='ocrx_word' id='word_1_184' title='bbox 1255 464 1266 482; x_wconf 93' lang='lat'>,</span> <span class='ocrx_word' id='word_1_185' title='bbox 1286 436 1364 490; x_wconf 90' lang='lat' dir='ltr'>qui</span> <span class='ocrx_word' id='word_1_186' title='bbox 1387 438 1627 490; x_wconf 87' lang='lat' dir='ltr'>pecuniam</span> 
     </span>
     <span class='ocr_line' id='line_1_47' title="bbox 1020 494 1631 544; baseline 0.003 -8"><span class='ocrx_word' id='word_1_187' title='bbox 1020 506 1180 537; x_wconf 87' lang='lat' dir='ltr'>mutuo</span> <span class='ocrx_word' id='word_1_188' title='bbox 1213 495 1289 537; x_wconf 87' lang='lat' dir='ltr'>dat</span> <span class='ocrx_word' id='word_1_189' title='bbox 1322 525 1336 544; x_wconf 87' lang='lat'>‚</span> <span class='ocrx_word' id='word_1_190' title='bbox 1376 494 1421 537; x_wconf 68' lang='lat' dir='ltr'>St</span> <span class='ocrx_word' id='word_1_191' title='bbox 1470 496 1631 538; x_wconf 84' lang='lat' dir='ltr'>diserte</span> 
     </span>
     <span class='ocr_line' id='line_1_48' title="bbox 1017 555 1632 613; baseline 0.002 -16"><span class='ocrx_word' id='word_1_192' title='bbox 1017 567 1184 613; x_wconf 85' lang='lat' dir='ltr'>negat,</span> <span class='ocrx_word' id='word_1_193' title='bbox 1207 555 1327 609; x_wconf 86' lang='lat' dir='ltr'>quod</span> <span class='ocrx_word' id='word_1_194' title='bbox 1369 556 1505 610; x_wconf 85' lang='lat' dir='ltr'>possit</span> <span class='ocrx_word' id='word_1_195' title='bbox 1554 555 1632 598; x_wconf 86' lang='lat' dir='ltr'>ali-</span> 
     </span>
     <span class='ocr_line' id='line_1_49' title="bbox 1019 616 1631 670; baseline 0.002 -14"><span class='ocrx_word' id='word_1_196' title='bbox 1019 617 1140 670; x_wconf 86' lang='lat' dir='ltr'>quod</span> <span class='ocrx_word' id='word_1_197' title='bbox 1160 616 1333 657; x_wconf 87' lang='lat' dir='ltr'>lucrum</span> <span class='ocrx_word' id='word_1_198' title='bbox 1357 616 1520 670; x_wconf 84' lang='lat' dir='ltr'>pacisci</span> <span class='ocrx_word' id='word_1_199' title='bbox 1545 646 1556 664; x_wconf 92' lang='lat'>‚</span> <span class='ocrx_word' id='word_1_200' title='bbox 1577 630 1631 657; x_wconf 88' lang='lat' dir='ltr'>eo</span> 
     </span>
     <span class='ocr_line' id='line_1_50' title="bbox 1014 676 1632 732; baseline -0.003 -14"><span class='ocrx_word' id='word_1_201' title='bbox 1014 678 1228 725; x_wconf 87' lang='lat' dir='ltr'>nomine,</span> <span class='ocrx_word' id='word_1_202' title='bbox 1250 676 1372 730; x_wconf 90' lang='lat' dir='ltr'>quod</span> <span class='ocrx_word' id='word_1_203' title='bbox 1413 691 1467 718; x_wconf 84' lang='lat' dir='ltr'>ex</span> <span class='ocrx_word' id='word_1_204' title='bbox 1501 688 1632 732; x_wconf 84' lang='lat' dir='ltr'>pecu-</span> 
     </span>
     <span class='ocr_line' id='line_1_51' title="bbox 1017 737 1634 793; baseline 0 -15"><span class='ocrx_word' id='word_1_205' title='bbox 1017 738 1090 778; x_wconf 80' lang='lat' dir='ltr'>nia</span> <span class='ocrx_word' id='word_1_206' title='bbox 1114 749 1250 791; x_wconf 82' lang='lat' dir='ltr'>quarn</span> <span class='ocrx_word' id='word_1_207' title='bbox 1273 747 1433 778; x_wconf 92' lang='lat' dir='ltr'>mutuo</span> <span class='ocrx_word' id='word_1_208' title='bbox 1455 737 1533 779; x_wconf 86' lang='lat' dir='ltr'>dat</span> <span class='ocrx_word' id='word_1_209' title='bbox 1554 751 1634 793; x_wconf 90' lang='lat' dir='ltr'>po-</span> 
     </span>
     <span class='ocr_line' id='line_1_52' title="bbox 1017 795 1635 851; baseline -0.003 -12"><span class='ocrx_word' id='word_1_210' title='bbox 1017 807 1132 839; x_wconf 80' lang='lat' dir='ltr'>terat</span> <span class='ocrx_word' id='word_1_211' title='bbox 1155 795 1333 838; x_wconf 86' lang='lat' dir='ltr'>aliunde</span> <span class='ocrx_word' id='word_1_212' title='bbox 1353 796 1527 851; x_wconf 85' lang='lat' dir='ltr'>aliquid</span> <span class='ocrx_word' id='word_1_213' title='bbox 1562 798 1635 838; x_wconf 85' lang='lat' dir='ltr'>Iu·</span> 
     </span>
     <span class='ocr_line' id='line_1_53' title="bbox 1021 856 1632 911; baseline 0.002 -14"><span class='ocrx_word' id='word_1_214' title='bbox 1021 859 1127 898; x_wconf 81' lang='lat' dir='ltr'>erari</span> <span class='ocrx_word' id='word_1_215' title='bbox 1151 874 1163 906; x_wconf 89' lang='lat'><em>;</em></span> <span class='ocrx_word' id='word_1_216' title='bbox 1186 870 1275 898; x_wconf 92' lang='lat' dir='ltr'>non</span> <span class='ocrx_word' id='word_1_217' title='bbox 1311 885 1324 903; x_wconf 83' lang='lat'><strong>‚</strong></span> <span class='ocrx_word' id='word_1_218' title='bbox 1371 857 1493 911; x_wconf 88' lang='lat' dir='ltr'>quod</span> <span class='ocrx_word' id='word_1_219' title='bbox 1537 856 1632 898; x_wconf 83' lang='lat' dir='ltr'>haec</span> 
     </span>
     <span class='ocr_line' id='line_1_54' title="bbox 1019 915 1634 973; baseline 0.002 -15"><span class='ocrx_word' id='word_1_220' title='bbox 1019 930 1115 973; x_wconf 86' lang='lat' dir='ltr'>spes</span> <span class='ocrx_word' id='word_1_221' title='bbox 1136 915 1335 958; x_wconf 83' lang='lat' dir='ltr'>lucrandi</span> <span class='ocrx_word' id='word_1_222' title='bbox 1352 929 1405 957; x_wconf 84' lang='lat' dir='ltr'>ex</span> <span class='ocrx_word' id='word_1_223' title='bbox 1421 919 1634 971; x_wconf 88' lang='lat' dir='ltr'>pecunia,</span> 
     </span>
     <span class='ocr_line' id='line_1_55' title="bbox 1018 975 1631 1032; baseline 0.003 -15"><span class='ocrx_word' id='word_1_224' title='bbox 1018 977 1125 1019; x_wconf 77' lang='lat' dir='ltr'>licet</span> <span class='ocrx_word' id='word_1_225' title='bbox 1148 978 1288 1032; x_wconf 81' lang='lat' dir='ltr'>possit</span> <span class='ocrx_word' id='word_1_226' title='bbox 1304 975 1457 1019; x_wconf 87' lang='lat' dir='ltr'>multis</span> <span class='ocrx_word' id='word_1_227' title='bbox 1486 979 1631 1019; x_wconf 82' lang='lat' dir='ltr'>modis</span> 
     </span>
     <span class='ocr_line' id='line_1_56' title="bbox 1018 1035 1630 1092; baseline 0.002 -13"><span class='ocrx_word' id='word_1_228' title='bbox 1018 1037 1228 1091; x_wconf 85' lang='lat' dir='ltr'>impediri</span> <span class='ocrx_word' id='word_1_229' title='bbox 1249 1035 1364 1078; x_wconf 87' lang='lat' dir='ltr'>nihil</span> <span class='ocrx_word' id='word_1_230' title='bbox 1381 1050 1425 1078; x_wconf 88' lang='lat' dir='ltr'>se</span> <span class='ocrx_word' id='word_1_231' title='bbox 1444 1037 1536 1092; x_wconf 87' lang='lat' dir='ltr'>ipsa</span> <span class='ocrx_word' id='word_1_232' title='bbox 1556 1052 1630 1080; x_wconf 85' lang='lat' dir='ltr'>va·</span> 
     </span>
     <span class='ocr_line' id='line_1_57' title="bbox 1016 1095 1634 1152; baseline 0.003 -15"><span class='ocrx_word' id='word_1_233' title='bbox 1016 1097 1108 1139; x_wconf 83' lang='lat' dir='ltr'>leat</span> <span class='ocrx_word' id='word_1_234' title='bbox 1128 1127 1140 1146; x_wconf 92' lang='lat'>‚</span> <span class='ocrx_word' id='word_1_235' title='bbox 1161 1095 1335 1139; x_wconf 80' lang='lat' dir='ltr'>&amp;nihil</span> <span class='ocrx_word' id='word_1_236' title='bbox 1350 1109 1501 1140; x_wconf 82' lang='lat' dir='ltr'>revera</span> <span class='ocrx_word' id='word_1_237' title='bbox 1523 1110 1634 1152; x_wconf 87' lang='lat' dir='ltr'>pos-</span> 
     </span>
     <span class='ocr_line' id='line_1_58' title="bbox 1016 1159 1632 1212; baseline 0.002 -13"><span class='ocrx_word' id='word_1_238' title='bbox 1016 1159 1073 1199; x_wconf 88' lang='lat' dir='ltr'>sit</span> <span class='ocrx_word' id='word_1_239' title='bbox 1093 1159 1296 1201; x_wconf 73' lang='lat' dir='ltr'>aestimari</span> <span class='ocrx_word' id='word_1_240' title='bbox 1327 1187 1339 1204; x_wconf 84' lang='lat'>,</span> <span class='ocrx_word' id='word_1_241' title='bbox 1370 1160 1632 1212; x_wconf 81' lang='lat' dir='ltr'>oppositum</span> 
     </span>
     <span class='ocr_line' id='line_1_59' title="bbox 1017 1218 1631 1273; baseline 0 -14"><span class='ocrx_word' id='word_1_242' title='bbox 1017 1220 1139 1261; x_wconf 87' lang='lat' dir='ltr'>enim</span> <span class='ocrx_word' id='word_1_243' title='bbox 1160 1218 1370 1260; x_wconf 73' lang='lat' dir='ltr'>docuerat</span> <span class='ocrx_word' id='word_1_244' title='bbox 1392 1219 1438 1257; x_wconf 87' lang='lat' dir='ltr'>in</span> <span class='ocrx_word' id='word_1_245' title='bbox 1471 1231 1631 1273; x_wconf 81' lang='lat' dir='ltr'>supra-</span> 
     </span>
     <span class='ocr_line' id='line_1_60' title="bbox 1017 1275 1630 1334; baseline 0.003 -15"><span class='ocrx_word' id='word_1_246' title='bbox 1017 1279 1136 1322; x_wconf 86' lang='lat' dir='ltr'>dicta</span> <span class='ocrx_word' id='word_1_247' title='bbox 1153 1287 1312 1334; x_wconf 82' lang='lat' dir='ltr'>quaest.</span> <span class='ocrx_word' id='word_1_248' title='bbox 1351 1283 1422 1318; x_wconf 88' lang='lat'>62.</span> <span class='ocrx_word' id='word_1_249' title='bbox 1444 1307 1455 1325; x_wconf 88' lang='lat'>‚</span> <span class='ocrx_word' id='word_1_250' title='bbox 1484 1275 1530 1320; x_wconf 69' lang='grc' dir='ltr'>δι</span> <span class='ocrx_word' id='word_1_251' title='bbox 1564 1292 1630 1321; x_wconf 84' lang='lat' dir='ltr'>res</span> 
     </span>
     <span class='ocr_line' id='line_1_61' title="bbox 1017 1335 1631 1395; baseline -0.002 -14"><span class='ocrx_word' id='word_1_252' title='bbox 1017 1353 1153 1395; x_wconf 83' lang='lat' dir='ltr'>perse</span> <span class='ocrx_word' id='word_1_253' title='bbox 1172 1349 1322 1394; x_wconf 84' lang='lat' dir='ltr'>aperta</span> <span class='ocrx_word' id='word_1_254' title='bbox 1365 1367 1377 1385; x_wconf 87' lang='lat'>‚</span> <span class='ocrx_word' id='word_1_255' title='bbox 1415 1335 1461 1380; x_wconf 69' lang='grc'>8(</span> <span class='ocrx_word' id='word_1_256' title='bbox 1510 1339 1631 1380; x_wconf 88' lang='lat' dir='ltr'>inne-</span> 
     </span>
     <span class='ocr_line' id='line_1_62' title="bbox 1017 1398 1633 1457; baseline 0.002 -17"><span class='ocrx_word' id='word_1_257' title='bbox 1017 1400 1174 1457; x_wconf 84' lang='lat' dir='ltr'>gabilis</span> <span class='ocrx_word' id='word_1_258' title='bbox 1191 1410 1256 1442; x_wconf 91' lang='lat' dir='ltr'>est</span> <span class='ocrx_word' id='word_1_259' title='bbox 1276 1416 1290 1448; x_wconf 91' lang='lat'>;</span> <span class='ocrx_word' id='word_1_260' title='bbox 1308 1398 1392 1440; x_wconf 88' lang='lat' dir='ltr'>Sed</span> <span class='ocrx_word' id='word_1_261' title='bbox 1408 1399 1511 1453; x_wconf 86' lang='lat' dir='ltr'>quia</span> <span class='ocrx_word' id='word_1_262' title='bbox 1527 1398 1633 1441; x_wconf 85' lang='lat' dir='ltr'>huic</span> 
     </span>
     <span class='ocr_line' id='line_1_63' title="bbox 1013 1460 1630 1519; baseline -0.002 -16"><span class='ocrx_word' id='word_1_263' title='bbox 1013 1474 1137 1519; x_wconf 70' lang='lat' dir='ltr'>vagae</span> <span class='ocrx_word' id='word_1_264' title='bbox 1174 1461 1274 1515; x_wconf 84' lang='lat' dir='ltr'>Spei</span> <span class='ocrx_word' id='word_1_265' title='bbox 1329 1473 1384 1500; x_wconf 83' lang='lat' dir='ltr'>ex</span> <span class='ocrx_word' id='word_1_266' title='bbox 1438 1460 1630 1515; x_wconf 82' lang='lat' dir='ltr'>pecunia</span> 
     </span>
     <span class='ocr_line' id='line_1_64' title="bbox 1020 1521 1631 1563; baseline -0.005 0"><span class='ocrx_word' id='word_1_267' title='bbox 1020 1521 1219 1563; x_wconf 84' lang='lat' dir='ltr'>lucrandi</span> <span class='ocrx_word' id='word_1_268' title='bbox 1256 1521 1499 1561; x_wconf 78' lang='lat' dir='ltr'>necessario</span> <span class='ocrx_word' id='word_1_269' title='bbox 1537 1532 1631 1562; x_wconf 83' lang='lat' dir='ltr'>om-</span> 
     </span>
     <span class='ocr_line' id='line_1_65' title="bbox 1016 1591 1633 1624; baseline -0.005 0"><span class='ocrx_word' id='word_1_270' title='bbox 1016 1595 1095 1624; x_wconf 84' lang='lat' dir='ltr'>nes</span> <span class='ocrx_word' id='word_1_271' title='bbox 1143 1591 1425 1622; x_wconf 65' lang='lat' dir='ltr'>mutilatores</span> <span class='ocrx_word' id='word_1_272' title='bbox 1473 1591 1633 1621; x_wconf 81' lang='lat' dir='ltr'>renun-</span> 
     </span>
     <span class='ocr_line' id='line_1_66' title="bbox 1015 1641 1632 1689; baseline 0 -6"><span class='ocrx_word' id='word_1_273' title='bbox 1015 1643 1131 1684; x_wconf 75' lang='lat' dir='ltr'>ciare</span> <span class='ocrx_word' id='word_1_274' title='bbox 1167 1641 1331 1683; x_wconf 84' lang='lat' dir='ltr'>debent</span> <span class='ocrx_word' id='word_1_275' title='bbox 1369 1671 1382 1689; x_wconf 80' lang='lat'>,</span> <span class='ocrx_word' id='word_1_276' title='bbox 1429 1653 1531 1681; x_wconf 88' lang='lat' dir='ltr'>cum</span> <span class='ocrx_word' id='word_1_277' title='bbox 1582 1643 1632 1683; x_wconf 85' lang='lat' dir='ltr'>in</span> 
     </span>
     <span class='ocr_line' id='line_1_67' title="bbox 1014 1701 1627 1750; baseline -0.005 -7"><span class='ocrx_word' id='word_1_278' title='bbox 1014 1714 1224 1744; x_wconf 86' lang='lat' dir='ltr'>mutuum</span> <span class='ocrx_word' id='word_1_279' title='bbox 1269 1701 1592 1743; x_wconf 83' lang='lat' dir='ltr'>consentiendo</span> <span class='ocrx_word' id='word_1_280' title='bbox 1614 1732 1627 1750; x_wconf 88' lang='lat'>,</span> 
     </span>
     <span class='ocr_line' id='line_1_68' title="bbox 1012 1761 1629 1815; baseline -0.003 -10"><span class='ocrx_word' id='word_1_281' title='bbox 1012 1763 1228 1806; x_wconf 82' lang='lat' dir='ltr'>facultate</span> <span class='ocrx_word' id='word_1_282' title='bbox 1259 1761 1416 1804; x_wconf 79' lang='lat' dir='ltr'>utendi</span> <span class='ocrx_word' id='word_1_283' title='bbox 1440 1762 1629 1815; x_wconf 85' lang='lat' dir='ltr'>pecunia</span> 
     </span>
     <span class='ocr_line' id='line_1_69' title="bbox 1011 1821 1631 1878; baseline 0 -14"><span class='ocrx_word' id='word_1_284' title='bbox 1011 1835 1172 1865; x_wconf 86' lang='lat' dir='ltr'>mutuo</span> <span class='ocrx_word' id='word_1_285' title='bbox 1194 1823 1296 1865; x_wconf 80' lang='lat' dir='ltr'>data</span> <span class='ocrx_word' id='word_1_286' title='bbox 1317 1852 1329 1870; x_wconf 88' lang='lat'>‚</span> <span class='ocrx_word' id='word_1_287' title='bbox 1345 1836 1398 1864; x_wconf 82' lang='lat' dir='ltr'>ex</span> <span class='ocrx_word' id='word_1_288' title='bbox 1423 1822 1470 1863; x_wconf 92' lang='lat' dir='ltr'>vi</span> <span class='ocrx_word' id='word_1_289' title='bbox 1492 1821 1631 1878; x_wconf 86' lang='lat' dir='ltr'>ipsius</span> 
     </span>
     <span class='ocr_line' id='line_1_70' title="bbox 1014 1880 1630 1927; baseline 0.002 -2"><span class='ocrx_word' id='word_1_290' title='bbox 1014 1894 1271 1927; x_wconf 78' lang='lat' dir='ltr'>contractus</span> <span class='ocrx_word' id='word_1_291' title='bbox 1325 1896 1371 1924; x_wconf 86' lang='lat' dir='ltr'>se</span> <span class='ocrx_word' id='word_1_292' title='bbox 1421 1880 1630 1926; x_wconf 80' lang='lat' dir='ltr'>abdicent</span> 
     </span>
     <span class='ocr_line' id='line_1_71' title="bbox 1015 1942 1626 2000; baseline 0 -16"><span class='ocrx_word' id='word_1_293' title='bbox 1015 1957 1249 2000; x_wconf 77' lang='lat' dir='ltr'>quousque</span> <span class='ocrx_word' id='word_1_294' title='bbox 1305 1942 1432 1985; x_wconf 84' lang='lat' dir='ltr'>illam</span> <span class='ocrx_word' id='word_1_295' title='bbox 1501 1956 1626 1997; x_wconf 86' lang='lat' dir='ltr'>repe.</span> 
     </span>
     <span class='ocr_line' id='line_1_72' title="bbox 1019 2003 1625 2057; baseline -0.007 -10"><span class='ocrx_word' id='word_1_296' title='bbox 1019 2015 1145 2048; x_wconf 84' lang='lat' dir='ltr'>tant:</span> <span class='ocrx_word' id='word_1_297' title='bbox 1180 2003 1463 2057; x_wconf 76' lang='lat' dir='ltr'>proindeque</span> <span class='ocrx_word' id='word_1_298' title='bbox 1496 2005 1625 2044; x_wconf 87' lang='lat' dir='ltr'>ratio·</span> 
     </span>
     <span class='ocr_line' id='line_1_73' title="bbox 1014 2060 1632 2116; baseline -0.003 -10"><span class='ocrx_word' id='word_1_299' title='bbox 1014 2079 1073 2106; x_wconf 83' lang='lat' dir='ltr'>ne</span> <span class='ocrx_word' id='word_1_300' title='bbox 1092 2063 1383 2107; x_wconf 78' lang='lat' dir='ltr'>abdicationis</span> <span class='ocrx_word' id='word_1_301' title='bbox 1406 2060 1538 2116; x_wconf 84' lang='lat' dir='ltr'>hujus</span> <span class='ocrx_word' id='word_1_302' title='bbox 1568 2065 1632 2104; x_wconf 86' lang='lat' dir='ltr'>fa-</span> 
     </span>
     <span class='ocr_line' id='line_1_74' title="bbox 1012 2124 1630 2177; baseline -0.005 -10"><span class='ocrx_word' id='word_1_303' title='bbox 1012 2124 1222 2174; x_wconf 75' lang='lat' dir='ltr'>cultatis,</span> <span class='ocrx_word' id='word_1_304' title='bbox 1256 2125 1352 2166; x_wconf 89' lang='lat' dir='ltr'>sine</span> <span class='ocrx_word' id='word_1_305' title='bbox 1390 2136 1478 2177; x_wconf 89' lang='lat' dir='ltr'>qua</span> <span class='ocrx_word' id='word_1_306' title='bbox 1531 2136 1630 2165; x_wconf 89' lang='lat' dir='ltr'>mu-</span> 
     </span>
     <span class='ocr_line' id='line_1_75' title="bbox 1012 2184 1627 2238; baseline -0.005 -9"><span class='ocrx_word' id='word_1_307' title='bbox 1012 2196 1146 2229; x_wconf 89' lang='lat' dir='ltr'>tuum</span> <span class='ocrx_word' id='word_1_308' title='bbox 1169 2184 1272 2227; x_wconf 85' lang='lat' dir='ltr'>iniri</span> <span class='ocrx_word' id='word_1_309' title='bbox 1294 2194 1385 2225; x_wconf 86' lang='lat' dir='ltr'>non</span> <span class='ocrx_word' id='word_1_310' title='bbox 1432 2195 1579 2238; x_wconf 88' lang='lat' dir='ltr'>potest</span> <span class='ocrx_word' id='word_1_311' title='bbox 1613 2215 1627 2233; x_wconf 86' lang='lat'>‚</span> 
     </span>
     <span class='ocr_line' id='line_1_76' title="bbox 1010 2245 1627 2298; baseline 0 -11"><span class='ocrx_word' id='word_1_312' title='bbox 1010 2246 1184 2287; x_wconf 84' lang='lat' dir='ltr'>nullam</span> <span class='ocrx_word' id='word_1_313' title='bbox 1238 2245 1627 2298; x_wconf 84' lang='lat' dir='ltr'>recompensatio-</span> 
     </span>
     <span class='ocr_line' id='line_1_77' title="bbox 1009 2304 1627 2362; baseline -0.005 -13"><span class='ocrx_word' id='word_1_314' title='bbox 1009 2320 1115 2349; x_wconf 80' lang='lat' dir='ltr'>nem</span> <span class='ocrx_word' id='word_1_315' title='bbox 1133 2321 1156 2349; x_wconf 89' lang='lat' dir='ltr'>a</span> <span class='ocrx_word' id='word_1_316' title='bbox 1181 2304 1454 2347; x_wconf 84' lang='lat' dir='ltr'>mutuatario</span> <span class='ocrx_word' id='word_1_317' title='bbox 1477 2304 1627 2362; x_wconf 72' lang='lat' dir='ltr'>exige.</span> 
     </span>
     <span class='ocr_line' id='line_1_78' title="bbox 1012 2365 1624 2422; baseline -0.005 -14"><span class='ocrx_word' id='word_1_318' title='bbox 1012 2380 1060 2409; x_wconf 82' lang='lat' dir='ltr'>re</span> <span class='ocrx_word' id='word_1_319' title='bbox 1105 2374 1293 2422; x_wconf 85' lang='lat' dir='ltr'>possunt</span> <span class='ocrx_word' id='word_1_320' title='bbox 1318 2394 1331 2413; x_wconf 93' lang='lat'>,</span> <span class='ocrx_word' id='word_1_321' title='bbox 1382 2365 1492 2418; x_wconf 79' lang='lat' dir='ltr'>quin</span> <span class='ocrx_word' id='word_1_322' title='bbox 1530 2377 1624 2406; x_wconf 78' lang='lat' dir='ltr'>mu-</span> 
     </span>
     <span class='ocr_line' id='line_1_79' title="bbox 1014 2424 1624 2483; baseline -0.007 -13"><span class='ocrx_word' id='word_1_323' title='bbox 1014 2436 1146 2470; x_wconf 89' lang='lat' dir='ltr'>tuum</span> <span class='ocrx_word' id='word_1_324' title='bbox 1173 2439 1299 2469; x_wconf 85' lang='lat' dir='ltr'>suam</span> <span class='ocrx_word' id='word_1_325' title='bbox 1334 2424 1624 2483; x_wconf 83' lang='lat' dir='ltr'>gratuitatem</span> 
     </span>
     <span class='ocr_line' id='line_1_80' title="bbox 1014 2479 1620 2550; baseline 0.005 -19"><span class='ocrx_word' id='word_1_326' title='bbox 1014 2487 1248 2533; x_wconf 78' lang='lat' dir='ltr'>ammittat</span> <span class='ocrx_word' id='word_1_327' title='bbox 1280 2514 1296 2535; x_wconf 79' lang='lat'>‚</span> <span class='ocrx_word' id='word_1_328' title='bbox 1355 2479 1401 2527; x_wconf 76' lang='lat' dir='ltr'>St</span> <span class='ocrx_word' id='word_1_329' title='bbox 1447 2496 1620 2550; x_wconf 22' lang='lat' dir='ltr'>co—ntra·</span> 
     </span>
     <span class='ocr_line' id='line_1_81' title="bbox 1464 2554 1563 2588; baseline 0 -1"><span class='ocrx_word' id='word_1_330' title='bbox 1464 2554 1563 2588; x_wconf 84' lang='lat' dir='ltr'>ctus</span> 
     </span>
    </p>
   </div>
  </div>
 </body>
</html>
