1889 2863
846 208 1009 261 (¹⁷)

286 265 547 322 „indeque
590 265 625 308 si
672 269 897 322 acceperit
945 266 1056 311 Res,

281 362 312 382 ‚‚
347 325 622 373 restituendo
658 327 743 369 erit
803 328 896 370 ob-

1115 267 1422 312 Certissimum
1468 277 1535 312 est
1585 268 1676 315 haec

987 335 1059 372 16.
1079 330 1216 372 verba
1246 341 1499 387 utrumque
1529 343 1679 374 casum

160 995 263 1039 Ιητ.

247 727 255 737 ,
285 722 318 743 ,,
349 686 661 744 aequalitatem

282 422 317 441 ο,
349 391 505 433 noxius
526 401 578 428 ex
604 383 696 440 ejus
727 386 898 447 obliga-

285 481 319 502 „
351 452 473 493 tione
509 445 690 499 justitiae
710 477 722 495 ‚
754 460 894 502 quam

284 540 315 561 „
349 508 725 552 commutativam
743 508 897 564 appel-

285 599 317 621 „
348 569 444 611 lant
466 597 478 615 ‚
513 564 558 608 &
591 565 715 620 cujus
750 581 816 612 est
847 570 895 610 in

291 662 325 682 ,‚
358 628 566 670 humanis
591 629 895 671 contractibus

737 687 897 743 cujus-

285 782 319 802 „
352 760 547 803 cumque
577 749 797 802 propriam
817 779 829 798 ‚
849 747 897 792 St

287 841 320 861 ‚‚
350 819 502 852 sancte
518 821 688 850 servare
707 839 718 856 ,
737 806 783 851 Sc
806 821 898 852 non

291 901 323 920 ‚,
353 879 574 913 servatam
603 878 759 912 exacte
777 882 898 926 repa-

288 961 320 983 ,‚
353 943 448 973 rare
476 960 487 971 .

356 989 438 1034 Illa
474 991 609 1033 verba
634 1018 664 1036 ‚‚
696 989 792 1031 Nee
826 986 898 1032 da-

290 1083 320 1103 „
354 1063 446 1096 tam
470 1050 553 1092 sIbi
572 1060 734 1091 mutuo
764 1063 900 1104 pecu-

287 1143 319 1162 „
352 1114 471 1155 niam
514 1111 749 1152 relicturus
773 1110 899 1154 otio..

289 1203 322 1223 a,
352 1186 448 1214 sam
469 1201 481 1219 ‚
513 1170 589 1212 sed
615 1171 670 1211 ad
699 1168 901 1212 fortunas

291 1263 324 1283 „
354 1245 453 1274 suas
472 1229 900 1285 amplificandas‚ve1

289 1323 323 1344 .„
356 1293 485 1334 novis
525 1289 780 1333 coemendis
799 1304 905 1346 pree-

266 1371 324 1404 ·„
358 1352 473 1399 diis,
517 1350 594 1393 vel
648 1351 904 1405 quaestuosis

294 1444 327 1464 „
363 1411 584 1469 agitandis
613 1411 803 1467 negotiis
821 1416 907 1453 ιλιι·-

292 1504 326 1525 ,,
359 1473 532 1516 tissime
552 1468 618 1523 fit
669 1474 906 1526 impensu-

295 1564 328 1585 „
359 1545 433 1574 rus
458 1564 470 1581 ‚
501 1533 661 1587 quibus
681 1533 728 1573 in
745 1532 826 1571 hoc
846 1545 907 1572 se-

296 1594 445 1635 eundo
461 1604 633 1634 canone
647 1590 908 1633 utitur-Pon-

296 1654 411 1696 tifex
449 1682 462 1699 ,
516 1650 908 1705 comprehendunt

296 1727 356 1756 ne
373 1725 463 1754 non
490 1710 633 1752 solum
662 1723 813 1753 casum
828 1741 840 1758 ‚
861 1712 908 1752 in

297 1785 390 1827 quo
408 1771 708 1815 mutuatarius
738 1783 814 1825 pro
830 1783 908 1813 suo

294 1832 437 1873 »libitu
458 1861 470 1879 ‚
506 1828 552 1872 δι
583 1844 635 1872 ex
673 1831 848 1886 propria
870 1846 913 1873 e-

298 1890 496 1934 lectione
551 1892 785 1945 pecuniam
819 1904 913 1931 mu-

301 1961 381 1995 tuo
419 1961 651 2005 receptam
691 1951 830 1998 utili,
863 1949 910 1992 8τ.

299 2021 550 2066 quaestuose
610 2012 910 2068 negotiationi

300 2069 529 2126 impendit
550 2099 562 2117 ‚
583 2070 659 2110 sed
680 2070 816 2112 etiam
845 2084 912 2111 ca-

301 2142 402 2171 sum
423 2159 436 2177 ,
473 2131 520 2171 in
554 2139 642 2183 quo
661 2142 759 2170 eam
781 2144 913 2189 nego-

304 2189 484 2231 tIationi
513 2190 701 2242 exponit
723 2224 735 2241 ,
786 2202 840 2234 ut
874 2204 914 2231 a·

307 2247 528 2302 dimpleat
561 2249 707 2304 legem
744 2260 919 2294 contra-

309 2318 435 2355 ctus,
467 2308 571 2362 quia
602 2318 912 2364 mutuatorpe-

308 2368 489 2409 cuniam
524 2366 607 2422 ipsi
634 2365 726 2421 jam
768 2371 911 2412 tradi-

311 2427 381 2469 dit
412 2427 492 2468 sub
518 2437 679 2482 pacto,
713 2426 757 2470 ὃ(
804 2430 914 2471 obli-

314 2488 498 2543 gatione
528 2516 541 2534 ‚
586 2500 683 2529 eam
737 2490 914 2542 praecise

308 2546 606 2607 negotiationi
626 2549 877 2604 exponendi
896 2552 917 2589 2

1044 1601 1049 1604 '
1081 1623 1111 1642 ⁷,
1143 1607 1348 1639 mutuam

1067 391 1448 444 comprehendere·
1468 421 1480 439 ‚
1513 401 1564 432 ut
1593 391 1681 434 cla.

1068 463 1117 490 re
1154 459 1343 494 testatur
1378 452 1497 493 idem
1530 451 1679 494 Ponti-

1070 509 1144 551 fex
1167 510 1211 551 in
1229 523 1310 555 suo
1339 524 1469 569 opere
1503 511 1555 552 de
1588 511 1680 567 Sy-

1070 568 1187 610 nodo
1222 571 1473 616 Diaecesana
1505 570 1582 612 lib.
1607 586 1678 613 10.

1069 630 1183 685 Cap.
1214 633 1524 688 4.Postquam
1556 634 1679 674 enim

1070 703 1258 734 numero
1279 694 1473 736 secundo
1489 704 1684 734 errorem.

1066 750 1418 795 calvinistarum
1445 754 1652 808 exposuit
1667 782 1681 800 ,

1068 811 1134 852 sic
1176 824 1362 855 numero
1382 826 1426 862 3.
1460 814 1688 868 prosequi·

1072 880 1177 913 tur:
1217 901 1246 920 ‚‚
1278 873 1423 929 Impie
1468 873 1644 919 Calvini
1669 902 1685 920 ,

1072 959 1108 978 a,
1141 929 1187 973 δί
1219 933 1426 976 Molinaei
1479 933 1684 989 opini0ni

1077 1020 1109 1038 a,
1139 1002 1232 1035 non
1263 1005 1369 1038 sunt
1404 995 1537 1038 veriti
1584 994 1687 1034 sub-

1075 1079 1106 1099 „
1140 1053 1325 1096 scribere
1345 1054 1473 1111 pauci
1495 1054 1684 1108 quidam

1072 1140 1102 1160 ‚,
1134 1113 1348 1157 Doctores
1360 1115 1599 1158 Catholici:
1622 1115 1684 1156 di-

1073 1201 1102 1220 „
1131 1173 1367 1230 stingum,
1405 1173 1451 1217 St
1495 1175 1568 1218 isti
1609 1174 1684 1214 du-

1077 1261 1110 1280 „
1140 1232 1246 1287 plex
1299 1249 1441 1293 genus
1499 1237 1682 1277 mutui:

1077 1322 1106 1342 n
1140 1291 1297 1337 Unum
1348 1309 1437 1351 quo
1494 1297 1686 1352 pecunia

1082 1382 1112 1403 υ
1146 1352 1286 1398 aliave
1335 1370 1401 1398 res
1447 1356 1578 1399 datur
1629 1355 1686 1398 ad

1087 1442 1118 1461 ἢ,
1151 1415 1690 1475 εοηειιηιρτῐοηετη,(1ιιοᾶ

1080 1503 1112 1526 ⁶,
1143 1473 1412 1531 plerumque
1434 1478 1482 1521 fit
1501 1491 1605 1519 cum
1625 1478 1687 1517 in·

1077 1562 1111 1582 '2'
1145 1532 1399 1592 digenstibus
1417 1568 1428 1586 ‚
1445 1539 1687 1593 pecuniam

1417 1598 1689 1653 accipienti-

1082 1684 1116 1703 a,
1151 1656 1257 1703 bus,
1295 1668 1437 1707 utse,
1472 1670 1690 1712 suamque

1080 1743 1113 1762 o,
1144 1716 1365 1759 familiam
1403 1729 1690 1766 sustentent,

1087 1803 1116 1824 ‚,
1150 1777 1303 1820 debita
1321 1778 1529 1827 soluant,
1552 1778 1689 1820 filiam

1084 1863 1115 1884 2,
1149 1839 1312 1892 nuptui
1350 1839 1564 1886 tradant,
1599 1836 1691 1880 &c-

1083 1923 1116 1942 „
1149 1896 1340 1938 aiterum
1376 1911 1465 1952 quo
1485 1899 1615 1941 datur
1637 1897 1693 1939 ad

1083 1983 1114 2002 „
1145 1959 1571 2014 negotiationemmt
1587 1971 1692 2000 cum

1085 2043 1116 2062 a,
1151 2019 1468 2062 mercatoribus
1497 2019 1588 2061 fieri
1627 2032 1694 2059 so·

1082 2102 1115 2123 ,ἢ
1147 2077 1210 2119 let
1251 2108 1263 2126 ‚
1329 2081 1407 2134 qui
1459 2089 1691 2136 acceptam

1083 2162 1116 2182 a,
1151 2148 1307 2180 mutuo
1335 2140 1696 2192 pecuniam5ne·

1084 2222 1116 2241 a,
1147 2200 1396 2255 gotiatione
1415 2211 1582 2258 augent
1601 2229 1612 2247 ‚
1632 2200 1698 2240 in<

1086 2281 1117 2302 η
1149 2271 1350 2314 gensque
1383 2274 1437 2301 ex
1459 2260 1694 2301 ealucrum

1089 2342 1117 2362 2,
1151 2330 1380 2372 reportant
1404 2350 1414 2361 .
1449 2319 1501 2362 In
1550 2320 1695 2374 primo

1080 2400 1113 2422 2,
1144 2390 1245 2418 casu
1260 2391 1435 2420 usuram
1453 2393 1542 2422 esse
1553 2380 1596 2420 fa
1604 2390 1696 2422 ten-

1091 2465 1122 2484 „
1156 2449 1230 2479 tur
1255 2440 1476 2494 quidquid
1504 2440 1696 2498 exigitur

1093 2525 1123 2543 ‚,
1155 2498 1699 2550 ultrasortem;Astafae-

1089 2585 1121 2604 η
1152 2560 1269 2602 nous
1291 2560 1391 2604 labe
1406 2559 1698 2604 excusantiu-

1569 2630 1697 2663 crum
