1889 2863
162 1065 259 1110 Int.

161 1306 268 1350 Res.

168 1374 271 1409 126.

844 176 1010 230 (οῦ)

283 228 394 274 fasta
427 244 529 274 sunt
559 230 741 274 Cambia
769 262 779 280 ‚
813 247 909 287 quas

283 293 393 334 sicca
436 304 649 334 vocantur
695 308 716 334 a
753 294 910 334 Sancto

280 351 378 393 1³10
395 351 451 396 V.
468 364 519 394 ut
536 366 674 394 usurae
691 351 911 401 damnata.

278 424 379 465 quae
415 412 527 454 fiunt
558 413 734 465 quando
769 427 908 467 pecu-

280 471 355 512 nia
405 484 495 511 non
542 483 783 525 asportatur
811 475 909 514 vir-

281 531 493 577 tualiter,
527 544 605 571 nec
645 531 828 574 solvitur
862 534 909 573 in

282 590 381 632 loco
430 592 674 644 praescripto
699 620 710 638 ‚
746 593 823 632 sed
865 592 910 632 In

278 650 376 705 ipso
397 648 521 697 loc03
550 651 591 690 in
626 664 714 703 quo
746 662 810 692 est
837 666 911 692 re-

278 720 408 764 cepta
455 711 728 751 restituitur:
771 713 829 752 ita
861 723 912 754 ut

279 768 547 811 Litterarum
603 769 776 811 Cambii
821 771 911 812 cir-

280 829 426 871 cuitus
453 828 597 871 solum
641 829 695 870 ad
738 829 912 871 haben-

282 887 389 929 dum
428 899 601 943 tempus
638 888 691 930 ad
727 887 913 931 soiven-

281 947 414 997 dum‚
453 946 499 990 ἃ
529 948 583 989 ad
619 962 793 990 usuram
824 964 912 1004 pa-

281 1007 478 1050 liandarn
521 1009 732 1051 inserviat
755 1039 766 1050 .

307 1066 590 1116 Coun-aetus,
634 1069 710 1122 qui
740 1082 910 1112 vocan-

287 1137 356 1169 tur
397 1129 723 1170 assecurationis
771 1129 873 1171 vitae
899 1160 910 1177 ,

284 1189 339 1229 ab
391 1201 518 1229 usura
573 1188 794 1230 immunes
854 1186 912 1230 ne

282 1258 384 1289 sunt
406 1251 425 1288 ‘3

320 1308 379 1348 Hi
396 1304 640 1349 contrac‘his
670 1308 752 1349 hoc
781 1307 914 1350 modo

287 1368 384 1410 iniri
411 1368 580 1410 soient:
627 1369 770 1409 Titius
801 1383 912 1409 cen-

282 1438 379 1470 tum
435 1438 584 1469 aureos
646 1428 909 1483 Sempronio

282 1488 450 1534 tradit,
487 1498 538 1529 ut
576 1497 647 1528 eos
688 1488 770 1530 sibi
811 1498 910 1543 post

281 1549 621 1601 quadriennium
656 1549 859 1590 restituat
896 1578 908 1595 ‚

280 1621 381 1649 cum
406 1605 530 1662 pac‘io
548 1638 559 1655 ‚
577 1605 621 1647 St
642 1608 911 1655 conditione,

279 1667 401 1721 quod
438 1669 472 1707 si
501 1668 781 1721 Sempronius
825 1682 910 1708 an-

281 1737 464 1781 tequam
508 1737 696 1780 quatuor
727 1726 793 1768 illi
825 1743 911 1768 an·—

283 1788 329 1828 ni
352 1787 580 1828 finiantur.
599 1802 621 1827 e
641 1788 753 1829 vivis
780 1800 912 1827 exce-

284 1847 360 1888 dat
378 1876 389 1893 ‚
409 1844 462 1887 ab
485 1845 758 1902 obligatione
779 1848 912 1888 resti-

280 1906 437 1949 tuendi
469 1904 692 1961 praedie’tos
727 1917 909 1948 centum

280 1979 432 2007 aureos
470 1964 561 2012 eius
611 1966 748 2007 Heres
800 1967 909 2008 liber

279 2024 469 2068 evadat.
492 2023 709 2066 Attamen
725 2026 758 2066 si
777 2025 909 2067 Sem·-

280 2086 460 2141 prouius
512 2096 610 2139 post
666 2085 909 2138 quadrien-

283 2147 409 2187 nium
446 2155 640 2199 supertes
677 2145 762 2192 sit,
803 2156 908 2187 tunc

283 2217 373 2247 non
429 2204 561 2244 modo
611 2215 910 2258 quantgtatem

281 2274 508 2318 acceptam
528 2263 649 2305 Titio
683 2275 884 2306 restituat
900 2294 911 2312 ,

284 2324 361 2364 sed
411 2325 584 2378 insuper
625 2334 792 2366 certum
840 2324 915 2364 iu-

284 2396 407 2424 crutn
457 2396 533 2438 pro
561 2383 643 2424 hoc
672 2397 773 2425 casu
804 2397 910 2439 pro-

286 2443 466 2483 missum
509 2443 586 2496 ipsi
640 2444 861 2497 per-solvat
896 2473 909 2485 .

284 2502 351 2547 Ex
377 2503 456 2546 hac
495 2501 739 2548 contractus
763 2502 912 2561 expli-

1073 236 1249 277 catione
1270 234 1454 277 resultat
1466 236 1582 277 hunc
1598 249 1707 278 con·

1078 294 1262 337 trac‘tum
1300 293 1493 343 eiusdem
1541 309 1703 337 naturae

1077 368 1166 396 esse
1181 384 1193 401 ‚
1215 369 1261 395 ac
1283 355 1521 396 Cambium
1558 357 1703 396 Mari-

1077 415 1239 456 timum
1277 428 1353 468 per
1388 414 1507 456 viam
1559 417 1700 456 mutui

1076 474 1272 522 initum3
1304 475 1365 515 ita
1390 486 1441 516 ut
1473 475 1587 516 inter
1625 475 1703 515 hos

1074 531 1319 575 contracstus
1365 533 1486 574 aliud
1543 534 1701 575 discri—

1078 604 1179 634 men
1200 605 1289 633 non
1326 594 1587 646 reperiatur,
1620 594 1700 634 nisi

1077 651 1198 706 quod
1220 652 1343 694 dator
1368 653 1540 693 Cambii
1575 652 1703 694 Mari-

1077 713 1176 754 timi
1198 723 1357 753 sortem
1388 722 1582 766 repetere
1614 724 1702 753 non

1078 773 1304 826 potest‚si
1337 773 1461 813 navis
1498 771 1543 811 in
1566 772 1701 815 navi-

1079 833 1260 889 gationc
1278 840 1455 886 pereat,
1484 829 1529 872 Sc
1562 832 1701 872 inhac

1076 892 1180 933 vitae
1213 891 1530 931 assecuratione
1548 892 1582 931 si
1608 890 1702 931 De·—

1081 951 1193 992 bitor
1224 950 1336 992 intra
1352 949 1574 1005 praedic‘stos
1585 963 1703 1005 qua-

1077 1021 1177 1052 tuor
1210 1023 1347 1051 annos
1394 1011 1611 1057 decedat,
1656 1008 1703 1051 St

1076 1071 1205 1112 sicuti
1241 1071 1298 1111 ibi
1338 1069 1524 1110 diximus
1562 1069 1704 1110 Cam-

1078 1128 1201 1170 bium
1271 1129 1549 1172 Maritimum
1613 1143 1704 1170 esse

1077 1186 1350 1232 convadium
1382 1189 1545 1236 mutui,
1566 1188 1705 1230 alium

1038 1263 1042 1266 ’
1077 1249 1348 1304 implicitum
1376 1249 1610 1290 Maritimae
1644 1261 1704 1289 as·
1762 1257 1768 1264 '
1830 1252 1832 1264 '

1078 1307 1361 1350 securationis
1378 1308 1704 1358 continentemg

1079 1370 1236 1410 eodem
1280 1370 1449 1423 prorsus
1493 1368 1626 1409 modo
1659 1369 1704 1408 in

1075 1432 1279 1484 praesenti
1318 1443 1418 1469 casu
1461 1426 1706 1470 conti-aetus

1077 1488 1406 1532 assecurationis
1447 1489 1551 1531 vitae
1576 1516 1589 1534 ‚
1640 1497 1706 1530 est

1075 1549 1223 1590 mutui
1256 1545 1526 1594 contraeffls,
1569 1545 1705 1587 alium

1076 1608 1404 1649 assecurationis
1428 1610 1531 1650 vitae
1557 1608 1707 1647 conti-

1078 1681 1220 1717 nens;
1264 1665 1401 1715 Cuius
1442 1667 1500 1708 rei
1546 1680 1706 1707 conse-

1077 1739 1217 1782 quens
1262 1736 1327 1769 est
1349 1757 1360 1774 ‚
1398 1727 1514 1781 quod
1544 1728 1597 1767 ad
1624 1724 1706 1766 hoc

1076 1798 1129 1829 ut
1159 1786 1303 1828 licitus
1335 1787 1424 1834 sit,
1462 1785 1595 1828 debet
1635 1784 1708 1827 Ti-

1078 1848 1163 1889 tius
1184 1848 1317 1903 gratis
1334 1847 1568 1901 pecuniam
1602 1857 1708 1885 mu·-

1078 1918 1154 1948 tuo
1175 1909 1275 1948 dare
1293 1933 1304 1952 ι,
1333 1905 1377 1948 3<
1402 1902 1511 1947 nihil
1538 1919 1616 1960 pro
1646 1903 1709 1946 il·-

1077 1965 1160 2007 lius
1180 1981 1260 2008 usu
1275 1963 1298 2006 ὲ
1317 1966 1576 2021 Sempronio
1607 1966 1710 2006 exi-

1075 2038 1178 2081 gere
1198 2045 1206 2067 :
1223 2028 1281 2068 ita
1315 2038 1366 2068 ut
1386 2036 1676 2083 augmentum
1695 2052 1708 2073 ,

1078 2085 1124 2128 &
1157 2087 1321 2127 lucrum
1353 2086 1616 2140 promissum
1646 2097 1711 2124 so-

1083 2145 1176 2187 lum
1208 2159 1286 2201 pro
1306 2139 1621 2186 assecuratione
1640 2145 1710 2186 VIs

1078 2216 1132 2248 tae
1169 2208 1400 2262 exigatur.
1436 2205 1709 2259 Quapropter

1080 2263 1234 2307 exacte
1262 2267 1305 2306 in
1333 2265 1413 2305 hac
1441 2264 1710 2306 conventi0-

1081 2339 1139 2367 ne
1172 2325 1387 2367 observari
1411 2324 1576 2364 debent
1605 2335 1710 2364 om-

1081 2398 1158 2426 nes
1180 2384 1265 2424 111ae
1290 2384 1580 2429 conditiones,
1603 2393 1708 2436 quas

1081 2458 1260 2485 numero
1291 2452 1364 2493 53.
1410 2457 1486 2499 pro
1531 2440 1705 2485 cambii

1077 2503 1300 2551 Maritimi
1315 2505 1548 2549 honestate
1563 2510 1705 2566 expo-

1609 2571 1703 2603 SCI-
