1889 2863
814 136 842 189 (
875 142 955 181 ¹25
986 137 1012 190 )

135 209 242 239 num
266 227 280 246 ‚
309 204 387 241 aut
417 195 724 239 ammisionem
761 197 881 249 sequi
911 198 1172 256 contingat,
1203 209 1289 243 sors
1309 198 1400 255 ipsa

133 269 210 298 seu
231 256 421 312 capitale
442 270 615 311 semper
631 255 803 300 salvum
820 256 908 304 sit,
940 255 1227 316 &integrum
1246 276 1267 302 a
1287 263 1405 302 socio

132 318 375 371 recipiente
403 319 689 361 restituatur..
720 317 812 358 sive
830 326 882 358 ut
905 315 958 357 de
975 329 1090 359 certa
1111 322 1364 372 quantitate
1388 350 1403 369 ‚

128 377 203 418 vel
221 389 394 418 summa
417 377 463 416 in
485 376 682 432 singulos
705 388 870 423 annos,
902 387 979 417 aut
999 391 1199 425 menses,
1231 379 1404 421 duran-

129 445 176 476 te
193 437 406 479 societate
423 436 768 490 respondeatur.
800 435 1130 491 statuimusque
1145 436 1398 507 hujusmodi

127 493 401 543 commestus,
435 496 786 541 conventiones,
819 491 863 536 St
882 494 1132 550 ρεξὶῐοηςε
1152 500 1363 540 usurarios
1384 529 1399 547 ‚

126 552 174 595 δί
197 553 376 597 illicitos
395 556 572 610 posthac
589 556 751 597 censeri
770 555 938 602 debere,
955 568 1059 610 atq·
1048 572 1087 598 e
1109 560 1154 598 in
1171 570 1395 612 posterum

124 627 216 655 non
249 615 448 657 licereiis
471 644 483 662 ‚
514 616 590 669 qui
610 615 816 670 pecunias
835 644 848 662 ‚
878 615 953 657 vel
976 616 1184 659 animalia
1200 647 1212 665 ,
1244 631 1323 661 aut
1340 632 1396 659 a-

125 674 206 715 tia-s
242 689 306 716 res
345 675 395 715 in
416 676 674 716 societatem
709 675 911 723 tradent,
945 676 999 716 de
1026 688 1145 718 certo
1164 678 1314 725 lucro,
1342 689 1394 722 ut

122 733 350 788 praefertur
367 765 379 782 ‚
413 735 697 789 percipiendo
719 769 732 784 ,
764 735 880 776 inter
908 747 953 776 se
973 736 1179 790 pascisci‚
1212 736 1257 779 3<
1273 752 1389 779 con-

121 794 335 844 cordare;
371 807 518 849 neque
538 797 672 837 etiam
696 824 707 842 ‚
737 794 834 836 sive
872 793 927 836 ad
971 807 1141 837 certum
1163 826 1176 843 ‚
1205 799 1296 841 sive
1336 798 1391 839 ad

121 854 343 896 incertum
382 853 552 896 lucrum
589 855 888 897 convenerint
915 883 928 901 ‚
958 856 1095 896 socios
1119 857 1196 911 qui
1233 872 1283 900 ea
1314 872 1390 900 re-

121 914 294 968 cipient
320 944 332 960 ‚
361 915 415 954 ad
436 924 596 956 sortem
619 926 696 954 seu
733 912 922 965 capitale
952 915 1163 962 salvum,
1197 914 1244 958 <St
1266 918 1387 960 intc-

117 987 270 1031 grum,
300 975 374 1015 ubi
397 973 506 1015 illud
526 987 627 1016 casu
649 975 831 1015 fortuito
854 974 1066 1029 perierit,
1095 976 1166 1018 vel
1182 977 1386 1019 amissum

120 1035 236 1078 erit,
266 1034 573 1082 reddendum,
606 1035 766 1088 quovis
799 1030 951 1088 paeto,
984 1046 1060 1076 aut
1097 1038 1386 1091 promissione

116 1093 450 1160 sikisobligare.
486 1094 551 1134 Ac
572 1108 627 1135 ne
666 1093 719 1135 de
739 1104 886 1134 cetero
916 1095 1149 1137 societates
1177 1097 1392 1139 ineantur·

114 1156 197 1194 sub
219 1151 470 1200 huiusmodi
506 1153 643 1209 paCtis
661 1183 675 1201 ‚
705 1151 750 1195 ἃ
772 1153 1100 1195 conditionibus
1117 1185 1129 1203 ‚
1162 1153 1258 1210 qui
1274 1170 1385 1198 usu-

117 1205 283 1255 rariam'
316 1216 582 1269 pravitatem
601 1215 780 1269 sapiunt
802 1243 814 1262 ‚
848 1211 1039 1256 districte
1057 1215 1383 1267 interdicimus,
1416 1249 1418 1251 .

115 1270 164 1315 St
180 1276 406 1324 prohiberi-1
416 1288 493 1317 us.

172 1331 228 1381 Q.
234 1347 255 1374 2
266 1334 363 1376 Sed
386 1335 531 1404 potius
555 1332 688 1375 cunc
692 1335 702 1374 i
726 1333 934 1376 noverint
961 1333 1201 1379 Societates
1218 1335 1379 1384 huius-

113 1395 251 1442 modi,
272 1408 374 1436 Cum
391 1397 437 1436 in
461 1406 683 1450 posterum
704 1407 821 1433 unus
842 1396 1093 1447 pecuniam,
1107 1395 1334 1441 Animalia
1361 1425 1374 1445 ‚

111 1466 192 1497 aut·
231 1455 337 1497 alias
366 1468 430 1496 res
453 1485 464 1502 ‚
496 1452 541 1495 «St
562 1457 673 1495 bona
698 1484 709 1502 ‚
743 1453 855 1495 alter
883 1467 991 1495 vero
1014 1468 1190 1509 operam
1211 1457 1285 1500 vel
1317 1461 1380 1500 in·

110 1515 325 1557 dustriam
347 1515 521 1560 confert
538 1544 551 1562 ‚
573 1528 712 1569 pure,
743 1514 909 1554 sincere
930 1543 941 1560 ,
974 1512 1019 1555 &
1040 1516 1151 1557 bona
1166 1517 1248 1558 fide
1263 1519 1380 1563 sicut

106 1573 276 1630 pactis,
309 1575 555 1617 secundum
585 1572 692 1627 juris
715 1573 1072 1628 dispositionem,
1102 1589 1150 1618 ac
1170 1579 1266 1620 sine
1282 1578 1375 1622 ulla

106 1647 280 1690 prorsus
309 1635 469 1678 fraude
485 1666 498 1684 ‚
532 1634 795 1688 palliatione
818 1662 830 1680 ‚
850 1642 926 1673 aut
947 1638 1148 1680 usurariae
1169 1639 1375 1692 pravita-

103 1696 161 1737 tis
185 1695 282 1735 labe
304 1727 317 1743 ‚
350 1707 427 1739 aut
463 1695 754 1749 Suspicione
790 1692 1005 1734 ineundas
1031 1725 1042 1741 ‚
1074 1710 1153 1738 seu
1185 1710 1371 1742 contra-

106 1755 239 1797 endas
266 1770 386 1806 esse;
426 1756 487 1797 ita
507 1766 558 1796 ut
589 1766 678 1796 non
707 1754 763 1794 ad
801 1764 965 1794 certam
996 1768 1219 1798 summam
1248 1789 1259 1806 ‚
1290 1770 1370 1802 aut

102 1815 400 1870 quantitatem
439 1817 493 1857 ab
540 1815 664 1855 omni
716 1811 912 1868 periculo
949 1843 962 1860 -,
997 1813 1046 1857 ἃ
1094 1816 1286 1865 damno,
1314 1831 1369 1862 ut
1419 1825 1421 1827 ’

100 1875 322 1930 prefertur
359 1877 607 1916 immunem
631 1904 643 1920 ‚
670 1874 779 1915 lucri
804 1873 986 1914 nomine
1018 1877 1367 1929 persolvendam,

100 1948 248 1988 neque
281 1935 333 1976 ad
350 1935 580 1990 Capitale,
611 1935 643 1974 si
675 1946 775 1975 casu
805 1932 1121 1988 fortuitoperit
1143 1967 1153 1982 ,
1181 1941 1367 1980 restim-

98 1997 265 2036 endum
288 2025 298 2040 ‚
330 1998 472 2037 socius
495 1995 715 2048 accipiens
753 2004 954 2035 teneatur
978 2023 988 2034 .
1029 1996 1070 2035 Si
1102 2012 1205 2037 vero
1240 2000 1359 2040 finita

96 2056 307 2097 societate
329 2057 470 2108 ipsum
501 2055 694 2108 capitale
717 2063 837 2094 extat
858 2082 869 2099 .
902 2053 940 2093 ei
971 2057 1047 2106 qni
1070 2056 1180 2097 iliud
1218 2057 1261 2098 in
1283 2074 1361 2098 so-

98 2118 306 2156 cietatem
341 2115 584 2157 contulerit
605 2144 617 2160 ,
650 2115 911 2156 restituatur
934 2141 946 2158 ‚
984 2128 1011 2152 1
1020 2116 1066 2156 isi
1096 2119 1212 2157 socio
1242 2119 1362 2159 reci-

93 2189 138 2229 p.
130 2176 238 2216 'enti
264 2176 400 2217 fuerit
421 2174 833 2218 communicatum,
866 2183 943 2213 aut
965 2174 1121 2223 aliter,
1145 2177 1262 2220 inter
1282 2179 1360 2232 ip-

81 2246 159 2275 sos
178 2236 521 2280 contrahentes,
537 2245 732 2287 supereo
750 2230 949 2289 iegitime
965 2246 1240 2278 conventum
1265 2242 1355 2281 sit.

88 2293 155 2335 Ac
191 2307 393 2347 prtetmea
429 2295 557 2333 iiam]
581 2294 923 2334 comminutos,
946 2292 1146 2341 fruetus
1182 2311 1357 2351 expen-

87 2367 152 2393 sas·
187 2383 197 2398 ‚
230 2351 274 2393 8<
307 2356 465 2394 damna
493 2355 532 2394 in
563 2365 800 2394 commune
829 2351 1059 2394 conferant
1093 2384 1104 2400 ‚
1135 2367 1187 2397 ut
1225 2370 1355 2410 prout

86 2426 262 2466 :equum
296 2444 306 2459 ‚
345 2412 390 2454 8(
437 2413 602 2459 ,iustum
650 2412 784 2455 fuerit
817 2441 830 2459 ‚
875 2410 957 2452 sibi
989 2417 1353 2465 communicent,

87 2484 224 2530 atque
245 2472 448 2517 dlvidant
473 2503 485 2516 .

1266 2537 1349 2578 De-

1434 1444 1542 1466 ceren,
1583 1450 1666 1470 con.

1434 1484 1670 1521 trahsndarum
