1889 2863
125 2057 220 2101 Im.

808 137 977 190 (95)

234 198 512 242 venditorem
554 208 708 238 census
764 197 854 237 ob-

237 260 449 315 stringere
470 259 522 299 ad
543 257 667 297 illum
700 259 854 299 extin-

238 319 467 373 guendum
501 328 620 360 certo
656 328 855 372 tempore

238 379 415 432 elapso;
444 376 490 419 ἃ
524 376 716 430 denique
735 390 855 431 quo-

242 440 321 479 ties
357 439 411 478 ad
451 438 534 477 hoc
565 438 616 478 ab
640 439 854 491 Einptore

239 498 374 539 suerit
389 499 624 550 requisitus
638 527 650 544 ‚
666 508 852 545 certum,

239 555 284 598 8(
323 558 501 600 evidens
553 569 618 599 est
659 558 853 598 Censum

238 617 517 658 personalem
571 617 692 658 aliud
747 629 854 658 tunc

241 690 329 718 non
363 692 480 723 esse,
520 691 655 733 quam
693 689 854 731 purnm

239 750 496 791 putumque
526 749 736 778 mutuum
772 736 857 777 fie-

240 799 506 839 neratltium
524 827 536 846 ,
561 810 712 839 census
731 808 857 838 veste

238 857 469 898 obtectum
517 889 526 900 .
578 857 696 897 Tum
752 859 857 910 quia

239 919 374 958 etiam
408 917 580 959 Census
619 916 745 958 realis
775 919 859 958 hoc

241 988 372 1031 pacto
410 977 550 1020 initus
591 988 656 1019 est
698 989 860 1019 usura-

239 1040 330 1078 rius
349 1067 359 1084 ‚
382 1049 433 1079 ut
463 1049 649 1079 numero
672 1048 860 1079 antece-

243 1098 367 1139 denti
391 1101 623 1151 probatum
644 1097 857 1139 est.Tum

237 1160 343 1212 quia
388 1159 503 1200 inter
526 1159 645 1199 hunc
675 1169 859 1201 contra-

238 1230 359 1258 ctum
384 1216 428 1258 δί
452 1230 734 1260 contractum
766 1231 859 1258 mu-

245 1279 307 1319 tui
342 1281 525 1321 usurarii
548 1277 671 1320 nulla
712 1279 858 1320 inter-

244 1338 362 1379 cedit
391 1340 621 1381 divessitas
643 1368 655 1385 ‚
702 1339 784 1379 nisi
816 1340 861 1379 in

242 1398 480 1440 verborum
503 1400 700 1443 Cortice,
721 1410 772 1439 ut
794 1399 863 1439 be-

245 1472 302 1498 ne
324 1459 517 1500 advertit
551 1461 640 1517 ipse
672 1458 861 1498 BENE-

239 1518 450 1560 DICTUS
470 1519 587 1561 XIV.
606 1521 677 1560 tit.
703 1519 758 1558 de
781 1519 861 1574 Sy-

240 1578 357 1620 nodo
372 1578 481 1619 Dite.
500 1579 577 1620 lib.
599 1594 668 1619 ιο.
684 1578 793 1633 Cap.
814 1588 858 1625 5.

245 1651 290 1678 2.
312 1652 354 1684 4.
375 1649 470 1679 tum
492 1639 689 1692 denique
706 1669 718 1686 ‚
755 1639 861 1692 quia

240 1698 288 1738 in
324 1699 415 1753 ipso
452 1699 694 1742 manifeste
727 1712 862 1754 repe-

241 1759 417 1799 fiuntur
450 1770 644 1813 quatuor
675 1759 749 1801 issa
780 1771 863 1800 nu-

241 1831 363 1860 mero
385 1819 672 1863 antecedenti
695 1819 862 1874 exposi-

242 1887 286 1919 ta
305 1907 317 1925 ‚
340 1891 525 1933 quaeque
559 1880 630 1920 hic
663 1889 862 1934 repetere

244 1938 477 1980 omitimus
498 1970 510 1989 ‚
535 1952 631 1994 quae
654 1949 861 1980 mutuum

242 2000 487 2040 usurarium
521 2002 812 2042 constituunt
849 2029 861 2042 .

278 2057 446 2100 Census
485 2059 724 2101 personalis
759 2072 865 2114 per-

244 2128 406 2172 petuus
429 2134 482 2161 ex
523 2132 647 2174 parte
667 2121 865 2172 Empto-

242 2179 298 2218 ris
319 2208 331 2223 ‚
367 2180 443 2231 qui
466 2193 696 2234 nunquam
719 2189 865 2234 potest

242 2237 440 2295 obligare
477 2241 764 2282 venditorem
809 2237 864 2280 ad

245 2310 350 2338 eum
377 2295 688 2341 redimendum
709 2330 720 2347 ‚
743 2296 789 2339 8<
811 2297 865 2340 ad

243 2358 437 2411 pretium
477 2370 713 2415 acceptum
745 2359 869 2400 resti·

249 2415 465 2459 tuendum
504 2432 568 2463 est
602 2417 658 2460 nc
690 2419 865 2468 licitus,

247 2473 294 2521 δί
315 2476 367 2520 ab
384 2489 510 2523 usura
539 2479 648 2524 liber
667 2482 687 2520 ἓ

900 197 1002 240 Res.

908 272 1008 306 140·

1097 197 1202 239 Non
1252 197 1381 252 pauci
1428 192 1641 241 Aue'tores

1023 256 1276 300 defendunt
1347 257 1642 300 Contractum

1023 318 1142 358 hunc
1183 330 1275 359 non
1302 319 1448 359 mutui
1471 329 1643 359 contra-

1023 388 1146 417 ctum
1189 391 1309 424 esse,
1344 377 1419 419 sed
1457 389 1643 420 contra-

1021 449 1144 478 ctum
1169 439 1413 492 emptionis
1431 467 1443 483 ‚
1471 435 1517 478 δι
1536 451 1644 480 ven-

1022 497 1204 538 ditionis
1216 510 1343 539 certae
1362 510 1522 537 annuae
1539 511 1646 552 pen-

1019 558 1130 598 sion’
1190 570 1317 611 super
1357 556 1506 611 aliqua
1533 559 1645 600 Per-

1020 628 1155 664 sona,
1189 630 1285 671 quae
1317 629 1419 672 apta
1454 618 1512 659 sit
1551 617 1645 659 ali-

1023 677 1133 730 quid
1154 690 1231 717 suo
1253 676 1400 718 labore
1421 707 1433 725 ‚
1450 674 1496 718 St
1515 677 1644 719 indu-

1023 739 1125 778 stria
1145 737 1328 778 lucrari:
1355 750 1403 777 ac
1429 737 1640 793 proinde,

1024 810 1121 852 quae
1136 798 1271 852 possit
1283 810 1382 838 suas
1394 811 1547 851 operas
1561 811 1645 839 cer-

1028 868 1072 898 ta
1091 855 1292 898 mercede
1308 856 1440 898 alicui
1473 856 1617 899 locare
1634 887 1649 901 .

1027 917 1157 959 Unde
1204 916 1486 958 concludunt
1525 917 1647 960 hunc

1027 989 1310 1019 contractum
1348 978 1401 1018 ab
1420 990 1548 1018 usura
1569 979 1649 1018 im·

1026 1050 1212 1078 munem
1237 1051 1328 1078 esse
1351 1067 1362 1078 .
1388 1037 1533 1093 Quam
1554 1037 1650 1091 opi-

1027 1100 1209 1139 nionem
1246 1097 1326 1138 hac
1360 1099 1531 1137 ratione
1553 1111 1649 1152 pro-

1029 1160 1136 1199 bssnt
1160 1174 1169 1197 ε
1194 1157 1332 1200 Sicuti
1349 1159 1374 1211 (
1391 1157 1603 1211 inquiunt
1620 1159 1649 1210 )

1031 1217 1205 1260 licitum
1224 1228 1288 1259 est
1303 1219 1534 1272 imponere
1549 1230 1650 1259 cen-

1029 1292 1126 1319 sum
1159 1276 1320 1319 realem
1345 1290 1476 1332 super
1496 1277 1650 1318 domi-

1032 1340 1109 1379 bus
1146 1335 1191 1379 &
1215 1338 1383 1393 praediis
1406 1367 1418 1383 ‚
1457 1349 1554 1391 quae
1575 1336 1651 1379 lo-

1028 1400 1115 1440 cari
1141 1409 1324 1451 possunt
1346 1427 1356 1444 ‚
1392 1393 1438 1438 St
1468 1412 1525 1442 v,ex
1559 1411 1650 1452 pre-

1030 1460 1094 1500 tio
1125 1456 1354 1499 locationis
1386 1457 1496 1498 solvi
1533 1471 1651 1512 pen-

1029 1520 1094 1559 sio
1116 1519 1358 1559 constituta
1377 1534 1388 1566 ;
1409 1517 1469 1557 sic
1493 1517 1650 1559 eodem

1027 1577 1162 1619 modo
1184 1588 1329 1633 p0test
1368 1578 1523 1631 pensio
1553 1579 1651 1625 im-

1028 1639 1135 1695 poni
1166 1650 1295 1693 super
1325 1636 1479 1690 aliqua
1507 1651 1652 1692 perso-

1026 1712 1083 1740 na
1104 1729 1115 1746 ‚
1140 1710 1236 1752 quae
1258 1698 1393 1752 possit
1416 1710 1514 1738 suas
1534 1710 1650 1753 ope-

1026 1772 1094 1799 ras
1116 1757 1260 1800 locare
1280 1754 1350 1804 ,ὃί
1383 1772 1436 1798 ex
1465 1755 1654 1800 locatio-

1029 1818 1095 1861 nis
1129 1817 1328 1859 mercede
1353 1811 1651 1859 constitutam

1030 1875 1651 1933 pensionemsolvereAtta-

1028 1952 1125 1979 men
1149 1938 1224 1978 hec
1254 1937 1375 1978 ratio
1388 1934 1543 1990 futilis
1561 1968 1573 1984 ‚
1607 1948 1651 1979 et

1029 1999 1184 2055 inepta
1205 2009 1269 2038 est
1290 2016 1299 2038 :
1322 1996 1494 2038 Domus
1513 1997 1650 2045 enim,

1029 2071 1072 2100 et
1090 2058 1284 2114 praedia
1321 2070 1388 2097 res
1420 2067 1529 2098 sunt
1558 2056 1651 2098 im·-

1031 2118 1216 2159 molnles
1239 2147 1251 2163 ,
1302 2113 1347 2158 ὃς
1378 2116 1614 2158 fructiferae
1638 2148 1650 2166 ,

1032 2180 1202 2220 fructus
1223 2179 1268 2218 in
1286 2189 1550 2232 perpetuum
1567 2207 1578 2223 ‚
1597 2190 1651 2221 ut

1032 2239 1094 2280 ita
1126 2238 1268 2279 dicam
1293 2266 1304 2284 ‚
1325 2236 1502 2291 pariunt
1522 2266 1533 2283 ‚
1552 2250 1649 2292 quae

1030 2311 1121 2339 una
1141 2312 1195 2338 ex
1226 2296 1556 2338 conditionibus
1586 2307 1651 2341 est

1029 2354 1055 2400 ὲ
1073 2358 1115 2400 S.
1138 2355 1233 2399 Plo
1251 2355 1307 2400 V.
1327 2355 1379 2396 ad
1400 2367 1554 2397 census
1576 2357 1651 2399 ho-

1031 2428 1249 2460 nestatem
1272 2416 1481 2470 requisita
1506 2446 1516 2458 .
1538 2416 1653 2457 Per..

1035 2490 1141 2521 sona
1189 2487 1337 2524 autem
1376 2476 1571 2518 humana
1607 2478 1651 2519 in

1531 2535 1623 2578 dieo
