1889 2863
880 200 1026 257 (6)

715 318 1165 372 INDEX

318 456 551 510 RERUM
612 474 1077 517 NOTABILIUM,
1134 475 1268 524 Quffi
1320 475 1391 509 11(
1425 474 1557 511 1100

525 566 737 600 oanR
799 567 1331 602 CONTINENTUR.

711 654 1174 738 &2205ssva

388 826 502 878 Era
526 863 540 883 ‚
582 822 655 884 ὢν
690 818 910 894 genuina
950 820 1114 873 mutui
1152 819 1384 893 deffinitio
1431 820 1657 878 trad-'tar
1672 860 1687 882 ‚

387 899 635 973 simulque
677 895 940 972 exponitur
955 934 969 955 ‚
1010 894 1066 947 in
1105 897 1279 970 quibus
1319 899 1463 965 hujus
1504 907 1689 951 contra·

194 984 304 1030 ctus
344 975 552 1029 essentia
592 974 690 1028 sita
729 983 830 1026 est.
863 991 890 1024 a
914 974 1077 1025 Num.
1135 991 1178 1027 1.
1213 978 1275 1027 ad
1299 995 1349 1042 4.

342 1049 491 1129 Qud
526 1050 592 1104 sit
628 1061 852 1104 mutuum
885 1047 1141 1122 paliatum
1164 1051 1443 1124 explicatur
1463 1092 1476 1112 ,
1518 1069 1576 1104 ac
1593 1066 1690 1103 ccr-

193 1139 250 1183 ta
291 1127 466 1199 regula
501 1126 788 1199 assignatur
812 1165 826 1186 ,
868 1142 964 1198 qua
1000 1123 1081 1177 bic
1121 1136 1398 1180 contractus
1433 1127 1689 1203 facillime

191 1202 406 1276 dignosci
441 1203 592 1277 possit
631 1200 952 1276 quantumvis
986 1199 1201 1254 aliorum
1224 1213 1562 1256 contractuum
1600 1215 1688 1277 [Ja-

194 1281 258 1334 lio
274 1279 339 1333 sit
359 1288 597 1333 contectus
614 1319 627 1331 .
667 1298 695 1331 a
719 1281 879 1330 Num.
901 1296 951 1343 4.
978 1279 1040 1330 ad
1068 1295 1115 1342 7.

342 1357 429 1410 Ex
455 1354 707 1410 Z'enedicti
733 1351 890 1409 XIV.
913 1352 1170 1409 Enciclica
1193 1395 1206 1416 ‚
1251 1372 1354 1428 quae
1375 1356 1552 1429 incipit
1594 1355 1693 1409 Vix

194 1431 433 1505 pervenit
471 1430 744 1485 ostenditur
766 1444 965 1483 usuram
987 1447 1077 1482 esse
1097 1469 1110 1490 ,
1154 1432 1390 1505 quidquid
1429 1450 1487 1484 ex
1521 1443 1693 1485 mutuo

192 1510 336 1563 ultra
354 1519 530 1562 sortem
554 1506 775 1580 exigitur
789 1545 804 1566 ,
838 1504 954 1557 licet
973 1504 1231 1560 minimum
1254 1508 1321 1560 sit
1336 1548 1348 1568 ‚
1368 1507 1440 1570 ὠὴ
1465 1507 1695 1580 exigatur

193 1603 252 1638 ex
289 1595 456 1639 mutuo
500 1583 615 1638 dato
642 1582 709 1637 ad
742 1580 1118 1654 negotiationem
1153 1583 1564 1644 Mercatoribus,
1608 1582 1695 1657 qui

194 1660 519 1733 negotiatione
543 1670 789 1735 acceptam
828 1666 996 1714 mutuo
1031 1659 1297 1731 pecuniam
1326 1670 1543 1731 augeant
1564 1699 1578 1719 ‚
1621 1659 1697 1712 in·

192 1754 402 1812 gensque
427 1756 485 1791 ex
510 1755 565 1807 ea
589 1736 785 1789 lucrum
815 1744 1063 1808 reportent
1086 1774 1098 1785 .
1183 1755 1209 1787 a
1232 1738 1394 1790 Num.
1419 1742 1466 1789 8.
1500 1738 1562 1788 ad
1610 1753 1693 1798 17.

349 1810 498 1892 Qid
511 1812 565 1866 in
585 1813 679 1867 hac
699 1829 752 1866 re
772 1808 1035 1884 Hispaniae
1055 1811 1210 1882 Leges
1229 1821 1458 1865 statuant
1482 1850 1495 1863 .
1517 1830 1544 1864 a
1585 1813 1693 1865 Nu.

199 1908 216 1944 1
242 1896 289 1944 8.
321 1894 383 1944 ad
413 1908 494 1957 19.

347 1966 596 2041 Principes
617 1981 701 2022 suo
727 1965 831 2019 alto
854 1961 1066 2016 dominio
1089 1980 1187 2017 non
1199 1975 1405 2039 possunt
1420 1966 1575 2036 Leges
1597 1964 1695 2019 Di-

197 2043 338 2096 vinas
359 2082 373 2103 ‚
400 2059 722 2115 qnascumque
741 2055 913 2095 usuras
931 2039 1244 2113 prohibentes
1266 2039 1428 2093 debito
1451 2039 1622 2117 effectu
1636 2058 1692 2094 in

198 2120 294 2172 suis
314 2117 579 2172 ditionibus
599 2115 890 2193 defraudare
905 2154 920 2175 ‚
946 2131 1097 2189 neque
1122 2113 1297 2187 efficere
1341 2116 1440 2169 sive
1481 2117 1660 2171 directe
1676 2158 1692 2180 ‚

196 2193 292 2246 sive
311 2194 546 2247 indirecte
565 2233 579 2255 ‚
619 2193 746 2268 quod
758 2192 854 2246 suis
867 2190 1077 2244 subditis
1099 2190 1295 2246 licitum
1331 2192 1398 2245 sit
1425 2192 1618 2247 lucrum
1643 2194 1698 2246 in

193 2268 359 2342 aliquo
405 2288 519 2323 casu
543 2287 602 2322 ex
622 2280 790 2324 mutuo
810 2266 996 2339 exigere
1020 2307 1034 2323 .
1074 2287 1101 2322 a
1133 2270 1296 2322 Num.
1324 2287 1415 2322 20.
1438 2275 1500 2324 ad
1523 2288 1550 2336 3
1566 2283 1612 2333 5.

350 2347 431 2400 De
453 2344 500 2398 T
496 2345 636 2399 italis
658 2385 672 2407 ‚
711 2344 795 2419 qui
817 2362 925 2398 cum
943 2354 1110 2397 mutuo
1138 2359 1419 2397 concurrere
1456 2354 1689 2421 possunt,

191 2415 255 2494 ἦ)
280 2420 521 2495 praecipue
543 2420 599 2474 de
614 2421 790 2475 damno
818 2431 1084 2491 emergente
1101 2460 1116 2481 ,
1158 2419 1293 2474 lucro
1334 2432 1543 2474 cessante
1564 2460 1578 2480 ‚
1621 2419 1695 2482 (ὢν

175 2497 405 2572 periculo
425 2495 710 2552 amittenda?
731 2495 874 2552 sortis
899 2535 912 2551 .
953 2514 982 2551 a
1005 2497 1168 2552 Num.
1193 2503 1284 2565 36.
1313 2508 1375 2551 aa
1398 2514 1488 2566 39.
1547 2572 1594 2620 D

1595 2587 1705 2620 dm-
