1889 2863
833 111 1002 166 (43)

266 173 500 218 commode
529 181 674 229 posset
698 169 881 220 reduci,

267 250 368 278 cum
389 235 494 277 alias
514 232 673 277 titulus
689 234 770 275 iste
790 246 883 274 rnu-

267 310 345 340 tuo
367 297 652 343 intrinsecuS‚
686 290 879 334 &inna-

266 358 405 399 tussit
429 373 440 406 ;
463 357 529 397 uti
553 354 744 396 rationes
795 354 879 394 ad-

263 417 408 458 ductae
431 415 545 458 clare
578 415 879 456 demonstrare

261 477 477 520 videntur
495 505 505 516 .

142 535 237 583 Ine.
297 537 512 592 Quaenam
532 545 642 578 sunt
681 535 747 576 hae
781 545 882 578 eon-

264 595 454 638 ditiones
478 626 489 643 ,
521 609 619 649 quae
639 595 881 637 necessario

261 669 521 699 concurrere
545 656 707 697 debent
730 655 782 697 ad
806 656 882 694 hu-

259 714 330 771 jus
397 716 519 759 tituli
591 715 882 772 justificatio—

263 791 367 819 nem
400 780 419 816 ἓ

139 834 245 878 Res.
331 837 556 895 ssenignus
630 837 880 879 Bossuetius

171 911 245 949 43.
281 896 523 938 Meldensis
586 899 829 953 Episcopus
869 925 882 943 ‚

260 959 389 1000 Pater
411 959 570 1000 Daniel
585 959 781 1002 Concina
806 987 816 1004 ,
836 956 881 998 δί

258 1019 390 1062 Pater
441 1020 593 1061 Patu‘zi
645 1029 882 1072 sequentes

259 1080 538 1122 conditiones
559 1079 847 1135 expostulant
870 1094 880 1118 :

264 1154 305 1180 ι.
326 1141 446 1194 quod
478 1142 647 1182 occasio
699 1140 883 1193 impen—

261 1200 399 1245 dendi
433 1199 608 1243 utiliter
644 1201 881 1254 pecuniam

260 1261 446 1303 actualis
469 1291 481 1308 ‚
506 1259 552 1303 St
586 1274 772 1316 praesens
792 1261 850 1300 sit
866 1290 876 1300 .

253 1335 304 1364 2.
318 1321 447 1378 Quod
465 1334 677 1362 mutuans
696 1332 787 1362 non
800 1322 884 1361 exi-

258 1394 338 1438 gat
369 1396 390 1422 a
422 1393 696 1424 mutuatario
730 1392 880 1423 toturn

258 1444 435 1484 lucrum
457 1473 469 1489 ‚
486 1443 607 1497 quod
645 1457 699 1484 ex
733 1455 881 1495 nego-

257 1505 448 1546 tiatione
463 1504 666 1558 sperabat
690 1520 703 1552 ;
721 1501 802 1543 Sed
822 1502 881 1542 di-

260 1563 556 1604 minuendum
618 1577 708 1605 esse
755 1560 880 1611 iuxta

260 1637 462 1678 espensas
483 1655 495 1672 ‚
516 1623 713 1680 pericula
736 1654 749 1672 ‚
771 1622 883 1664 lato-

257 1698 324 1724 res
346 1714 356 1726 .
380 1682 425 1725 8(
441 1685 526 1726 alia
547 1713 559 1732 ‚
581 1697 679 1738 quae
719 1697 879 1726 neces-

253 1746 368 1786 saria
398 1755 527 1786 erant
552 1745 605 1785 ad
622 1743 798 1785 lucrum
819 1756 880 1785 as-

257 1806 535 1858 sequendum
554 1835 570 1848 ,
604 1819 649 1854 3.
666 1803 799 1860 Quod
812 1803 878 1844 lu-

251 1879 383 1905 -crum
405 1866 537 1907 debet
568 1879 730 1907 cessare
756 1878 878 1920 pree-

257 1926 348 1966 eise
409 1926 579 1967 ratione
636 1927 784 1967 mutui
826 1937 874 1971 4.

252 1983 388 2039 Quod
427 1997 636 2028 mutuum
666 1987 725 2028 sit
766 1985 878 2027 meri

261 2043 432 2086 consilii
452 2076 463 2093 ‚
483 2043 528 2088 St
544 2058 634 2088 non
647 2046 777 2089 cadat
796 2045 877 2087 sub

258 2117 477 2163 praecepto
498 2106 752 2154 charitatis,
770 2106 876 2161 quia

262 2165 518 2220 tuncgratis
538 2166 723 2206 omnino
761 2166 878 2209 tradi

262 2224 423 2271 debet,
440 2222 614 2265 &nihil
633 2222 757 2279 supr&
790 2237 878 2268 sor-

258 2294 351 2325 tem
373 2285 489 2340 exigi
508 2295 654 2337 potest
668 2315 679 2326 .
698 2284 879 2342 5-Quod

260 2344 307 2388 :in
329 2344 378 2387 vi
397 2344 522 2386 tituli
545 2342 654 2385 lucri
671 2346 879 2387 cessantis

262 2416 354 2445 non
388 2402 584 2458 amplius
621 2406 832 2462 exigatur
862 2435 878 2455 ,

159 2491 163 2496 -
251 2476 394 2522 quam
415 2494 430 2516 ,
465 2463 512 2507 id
544 2466 666 2523 quod
704 2465 878 2527 legibus

1050 171 1196 227 Regni
1223 200 1236 218 ‚
1253 169 1326 214 vel
1345 171 1548 231 legitima
1571 186 1673 218 con-

1048 232 1288 273 suetudine
1308 243 1385 286 pro
1403 247 1676 289 recompen-

1050 292 1223 334 satione
1247 291 1441 349 legitimi
1464 294 1675 337 interesse

1050 349 1303 393 deffinitum
1349 363 1415 396 est
1455 370 1466 392 =
1508 354 1672 408 Neque

1051 412 1098 452 id
1144 413 1349 468 exigatur
1383 427 1406 454 a
1448 416 1645 468 personis
1662 446 1676 464 ,

1050 484 1147 526 quae
1166 485 1255 514 non
1274 486 1459 527 possunt
1473 473 1582 514 illud
1597 475 1678 516 sol-

1054 546 1157 574 vere
1176 562 1187 580 ,
1228 535 1338 587 quin
1366 534 1413 574 in
1442 546 1678 589 pauperta-

1052 603 1142 634 tem
1166 593 1373 635 incidant
1397 624 1407 634 .
1423 600 1465 635 6.
1487 595 1677 637 Necesse

1051 664 1116 694 est
1132 682 1143 700 ,
1166 654 1285 706 quod
1302 654 1680 699 mutuans-mallit

1053 713 1227 754 lucrum
1252 727 1303 755 ex
1337 716 1673 772 negotiatione,

1054 786 1191 828 quam
1213 788 1264 815 ex
1286 786 1443 817 mutuo
1465 804 1477 822 ‚
1523 775 1584 817 ita
1623 786 1677 820 ut

1056 846 1270 878 mutuum
1307 833 1384 878 det
1418 850 1471 876 ex
1500 837 1678 879 motivo

1056 895 1297 936 charitatis
1336 924 1348 941 ‚
1384 892 1429 936 &
1478 907 1569 936 non
1619 898 1676 938 ob

1052 955 1277 1011 privatum
1297 955 1585 996 commodum
1600 986 1612 1004 ,
1629 955 1676 999 St.
1698 951 1706 958 ’

1059 1031 1113 1057 ex
1133 1015 1309 1058 motivo
1340 1017 1524 1071 propriae
1555 1017 1676 1061 utili-

1056 1087 1164 1120 tatis
1185 1107 1195 1118 .

933 1138 1031 1180 Ins.
1092 1136 1330 1192 Quomodo
1374 1136 1676 1180 Confessarius

1055 1210 1320 1254 cognoscere
1340 1199 1509 1252 poterit
1544 1228 1556 1245 ‚
1598 1200 1676 1241 has

1053 1270 1208 1299 omues
1228 1259 1507 1300 conditiones
1560 1273 1675 1301 con-

1053 1331 1223 1360 currere
1244 1320 1292 1360 in
1310 1330 1466 1361 mutuo
1500 1318 1554 1361 de
1585 1331 1676 1375 quo

1055 1379 1303 1422 consulitur
1323 1383 1342 1420 ἓ

928 1442 1036 1484 Res.
1102 1442 1152 1482 In
1176 1440 1241 1479 his
1263 1440 1391 1481 rebus
1413 1439 1676 1498 regulariter

939 1516 1019 1552 44·
1054 1500 1174 1542 dicto
1211 1501 1459 1542 Ponitentis
1497 1502 1677 1543 confes-

1048 1562 1183 1604 sarius
1199 1573 1312 1602 stare
1344 1561 1475 1603 d‹bet
1505 1592 1515 1603 .
1549 1559 1676 1603 Atta-

1051 1636 1158 1663 men
1172 1620 1305 1663 debet
1326 1621 1522 1662 multum
1558 1621 1674 1663 insi·-

1049 1694 1163 1724 stere
1186 1682 1229 1723 in
1248 1682 1509 1737 exponenda
1527 1684 1673 1737 paeni—

1051 1743 1166 1786 tenti
1200 1740 1361 1783 ultima
1383 1741 1642 1784 conditione
1658 1773 1673 1791 ‚

1049 1815 1148 1858 quae
1180 1801 1441 1859 regulariter
1461 1802 1508 1842 in
1527 1803 1674 1844 omni·

1050 1865 1130 1904 bus
1149 1863 1465 1904 mutuantibus
1488 1861 1672 1911 defficit,

1047 1925 1126 1978 qui
1176 1935 1268 1964 non
1298 1933 1584 1975 >moventur,
1616 1923 1674 1965 ad

1045 1994 1256 2026 mutuum
1280 1982 1479 2024 dandum
1501 1983 1674 2029 prima-

1047 2045 1115 2086 rio
1130 2073 1143 2091 ‚
1161 2058 1213 2085 ex
1249 2044 1428 2084 motivo
1457 2043 1673 2086 Charita-

1052 2105 1109 2148 tis
1131 2134 1143 2151 ‚
1163 2101 1210 2147 δ’.
1238 2102 1587 2153 beneficientiae3
1607 2104 1671 2146 ita

1046 2163 1209 2214 utplus
1227 2162 1417 2205 amando
1433 2164 1670 2218 pecuniam

1048 2224 1347 2280 negotiationi
1403 2236 1626 2277 exponere
1656 2254 1670 2271 ‚

1049 2298 1188 2340 quam
1209 2293 1368 2326 mutuo
1415 2283 1499 2324 sub
1537 2294 1670 2337 pacto

1047 2346 1174 2387 lucro
1198 2343 1368 2387 tradere
1389 2373 1401 2392 ,
1423 2341 1538 2386 nihil
1560 2357 1668 2384 orn-

1047 2417 1131 2446 nus
1147 2417 1169 2445 a
1184 2404 1490 2460 negotiatione
1526 2404 1667 2444 absti-

1048 2474 1191 2509 neant
1209 2494 1224 2516 ‚
1250 2463 1298 2509 8<
1315 2475 1530 2509 mutuum
1560 2463 1670 2508 dent

1491 2535 1610 2579 ΡΨ*
