1889 2863
114 1448 116 1451 r
147 1477 242 1521 Int.

142 2195 246 2238 Res.

163 2270 233 2303 72.

841 157 1014 210 (62)

281 214 533 258 missionem
570 244 584 264 ‚
646 226 741 269 quae
785 215 906 259 effe-

280 286 406 317 ctum
437 271 623 316 minime
641 277 823 320 habebit
843 290 907 318 us-

279 347 369 390 que
389 336 494 377 dum
527 338 718 390 pret1um
751 338 909 393 persol-

279 407 411 439 vatur
430 424 443 438 .
465 396 551 438 Hic
585 397 801 440 discursus
819 429 831 447 ‚
857 408 908 441 ut

279 457 487 499 sustineri
509 456 658 498 valeat
679 471 791 512 opus
812 467 879 501 est
894 488 907 507 ,

280 516 403 572 quod
435 516 628 570 pericula
659 519 718 558 rei
755 518 909 561 vendi·

278 589 333 621 ιω
350 607 363 625 ‚
384 576 429 620 8(
447 576 587 630 praetii
623 578 759 631 ipsius
778 579 907 621 dimi·

276 640 436 686 nutio,
455 649 552 691 quae
582 635 695 679 forte
723 640 905 683 eveniat

276 699 331 739 ad
363 698 642 741 venditorem
672 709 905 751 expectet,

276 755 323 800 ἃ
344 771 433 801 non
446 757 500 799 ad
516 768 779 811 emptorem,
794 772 899 801 cum

273 818 480 862 venditio
502 818 549 858 in
571 816 649 859 tali
680 817 870 873 bipotesi
888 851 901 868 ,

272 890 327 922 ut
358 878 628 934 supponitur
649 890 738 919 non
762 880 820 920 sit
840 879 901 919 fa-

272 951 377 988 cta,
413 938 488 981 sed
518 934 650 978 unice
683 938 902 981 Dominus

270 1014 371 1042 eam
418 999 561 1041 facere
613 998 860 1052 promiserit
886 1017 900 1049 ;

269 1060 386 1101 Cum
442 1070 594 1101 tamen
644 1061 726 1098 hoc
783 1072 899 1100 nus-

271 1132 406 1173 quam
438 1119 543 1166 fiat,
576 1117 631 1158 ad
664 1118 899 1160 honestan-

270 1179 376 1220 dum
429 1179 512 1222 hoc
557 1176 727 1218 lucrum
749 1209 761 1227 ‚
811 1193 898 1221 ne—

269 1252 385 1280 cesse
419 1250 485 1281 est
518 1269 530 1288 ,
569 1238 690 1291 quod
741 1252 896 1280 census

268 1311 507 1355 perpetuus
535 1296 754 1351 ex'pretio
787 1312 899 1354 pro-

269 1360 400 1402 misso
445 1360 492 1400 in
523 1372 568 1400 re
595 1358 778 1401 vendita
813 1360 898 1402 rite

269 1420 571 1461 constituatur
588 1447 599 1459 .

265 1478 450 1522 Possunt
483 1477 540 1519 ne
585 1478 896 1535 Negotiatores

266 1539 462 1581 vendere
483 1551 649 1580 merces
682 1537 784 1580 dato
805 1553 897 1580 em-

268 1599 466 1653 ptoribus
500 1610 698 1651 tempore
722 1598 776 1639 ad
811 1599 895 1641 soi-

263 1660 466 1700 vendum
503 1688 515 1705 ‚
559 1671 662 1699 curn
716 1666 846 1712 pacto
881 1690 893 1707 ‚

264 1718 388 1773 quod
417 1720 451 1760 si
491 1720 682 1773 pretium
717 1719 894 1770 promis-

265 1791 364 1820 sum
406 1780 649 1833 praestituto
693 1788 893 1832 tempore

265 1850 357 1879 non
375 1839 555 1881 solvant
577 1868 589 1885 ‚
623 1838 815 1879 debeant
843 1839 891 1879 i-

264 1901 350 1952 psis
384 1898 589 1940 interesse
624 1898 890 1951 quantitatis

265 1959 484 2012 promissae
528 1958 697 2000 solvere
740 1955 795 1999 ad
828 1970 890 1999 ra-

267 2019 433 2058 tionem
461 2024 502 2059 6.
525 2019 570 2058 in
597 2032 697 2059 100.
714 2015 794 2064 ,ad
817 2029 892 2057 an·

263 2090 372 2119 num
395 2090 472 2132 pro
495 2089 691 2132 tempore
711 2087 800 2130 quo
813 2089 889 2120 so-

263 2137 483 2180 lutionem
507 2137 744 2180 diferunt‘?

295 2197 478 2240 Pactum
512 2197 598 2238 hoc
632 2193 886 2250 hujusmodi

260 2258 562 2312 emptionibus
595 2258 803 2303 unitum,
834 2255 889 2294 i!-

262 2316 438 2358 licitum
470 2347 483 2364 .
528 2315 574 2358 ἃ
635 2316 883 2356 usurarium

261 2388 327 2419 est
350 2406 359 2416 .
393 2390 434 2417 1.
467 2376 580 2431 Quia
622 2375 830 2419 venditor
858 2375 887 2415 i-

257 2446 420 2494 gmrat
454 2449 605 2477 utrum
651 2435 887 2476 solutionis

1034 1268 1052 1290 ’κ

938 1591 1032 1633 Int.

936 1892 1039 1934 Res.

953 1960 1023 2002 76.

1071 217 1216 259 siones
1269 217 1454 262 habebit
1489 220 1694 273 utiliter,

1077 276 1124 320 St
1172 278 1397 321 fructuose
1437 294 1534 322 eam
1571 296 1708 337 quan·

1077 340 1256 381 ritatem
1300 340 1543 397 erogandi,
1576 343 1619 385 8(
1659 358 1706 385 u·

1076 409 1196 441 trum
1226 396 1414 440 aderunt
1438 412 1592 443 omnes
1605 419 1708 445 con·

1078 457 1269 497 ditiones
1296 488 1308 505 ‚
1342 471 1438 512 quae
1474 461 1528 501 ad
1573 463 1705 506 hone-

1079 517 1286 557 standum
1329 517 1499 559 lucrum
1534 535 1706 567 cessans

1073 589 1331 619 concurrere
1374 578 1539 622 debent
1575 612 1587 624 .
1655 596 1704 627 2.

1075 638 1180 689 quia
1235 636 1350 677 forte
1406 649 1580 693 emptor
1636 641 1703 693 iu-

1073 706 1187 736 stam
1224 695 1404 739 habebit
1431 704 1701 745 excusatio-

1074 769 1178 796 nem
1210 755 1263 794 ad
1309 755 1579 800 solutionem
1623 763 1706 804 dif-

1068 814 1297 860 ferendam,
1353 830 1531 871 propter
1582 821 1707 864 dam.

1069 888 1126 915 na
1147 887 1243 929 quae
1281 876 1539 921 adversante
1562 881 1698 924 form-

1070 947 1125 974 na
1152 948 1298 989 passus
1328 947 1421 985 est,
1452 939 1513 980 ita
1548 952 1598 983 ut
1635 943 1701 982 il·-

1067 993 1147 1034 lud
1169 995 1377 1037 interesse
1411 997 1575 1052 absque
1602 1015 1701 1057 gra-

1066 1066 1245 1097 vissima
1279 1070 1340 1096 ret
1374 1069 1457 1097 suae
1494 1071 1661 1107 jactura
1682 1092 1697 1110 ‚

1066 1113 1237 1156 solvere
1254 1128 1342 1156 non
1379 1120 1540 1170 possit.
1576 1120 1695 1163 Hine

1065 1184 1236 1215 certum
1252 1175 1422 1216 lucrum
1444 1178 1573 1220 initio
1594 1191 1698 1222 con-

1064 1244 1228 1276 tractus
1252 1236 1412 1288 pacisci
1435 1240 1569 1278 etiam
1595 1253 1696 1294 prae·

1067 1303 1194 1334 textu
1228 1293 1337 1335 lucri
1376 1299 1611 1347 cessantis,
1645 1299 1693 1343 δε

1066 1352 1218 1394 damni
1263 1358 1529 1413 emergentis
1560 1387 1573 1406 ‚
1617 1360 1692 1402 v²e1

1063 1425 1354 1468 quocumque
1401 1416 1486 1458 alio
1508 1447 1520 1465 ‚
1555 1420 1694 1476 Leges

1064 1472 1290 1528 Hispanize
1344 1476 1585 1530 prohibent
1636 1489 1694 1524 ut

1060 1547 1110 1574 n.
1131 1538 1203 1575 18.
1226 1534 1398 1576 dictum
1425 1547 1490 1578 est
1510 1567 1523 1578 .

1077 1593 1266 1636 Possunt
1327 1594 1632 1653 Chirographa
1676 1628 1691 1647 ‚

1059 1652 1134 1694 vel
1172 1654 1259 1695 alia
1302 1655 1468 1697 credita
1503 1658 1690 1700 minoris

1060 1716 1148 1755 emi
1172 1743 1184 1761 ‚
1202 1726 1337 1768 quam
1357 1716 1499 1770 reipsa
1513 1717 1687 1764 valent.

1063 1775 1098 1814 si
1119 1785 1222 1815 sunt
1247 1774 1414 1816 incerta
1432 1804 1444 1822 ,
1465 1774 1690 1832 iffiquida,

1059 1830 1105 1875 ἃ
1124 1832 1315 1875 difficilis
1331 1837 1571 1878 exactionis
1589 1841 1608 1879 ἓ

1090 1894 1350 1936 Communis
1396 1893 1454 1936 A.
1483 1897 1541 1938 A.
1580 1898 1685 1938 Sen-

1050 1955 1188 1996 tentia
1209 1952 1434 2003 defendit,
1458 1953 1683 2006 huiusmo-

1058 2013 1103 2054 di
1119 2012 1400 2055 Creditorum
1419 2015 1684 2070 emptiones,

1054 2070 1150 2127 jure
1188 2069 1355 2116 ’naturae
1384 2085 1585 2129 spectato
1617 2075 1682 2116 li·-

1056 2144 1166 2174 citas
1202 2146 1291 2173 esse
1319 2163 1330 2180 ‚
1382 2145 1683 2178 veruntamen

1049 2188 1147 2245 jure
1198 2194 1387 2247 positivo
1433 2194 1599 2243 nuuae,
1630 2193 1679 2238 &-

1052 2263 1181 2294 1rr1toe
1218 2263 1324 2294 sunt
1351 2262 1403 2294 ut
1430 2264 1603 2296 constat
1623 2268 1678 2297 ex

1052 2309 1681 2367 leg.22.,&23.Cod.man-

1056 2369 1173 2418 dati,
1202 2384 1298 2425 quae
1333 2373 1379 2413 in
1429 2373 1680 2428 appendice

1056 2434 1326 2486 transcriptae
1346 2443 1451 2474 sunt
1475 2462 1486 2473 .

261 2505 462 2552 ternpore
497 2505 737 2551 oportunas
765 2504 887 2536 occa·
934 2490 1030 2533 Im.
1084 2491 1186 2532 Haec
1209 2489 1315 2546 jurIs
1349 2491 1506 2535 Civilis
1537 2491 1679 2545 dispo-

1575 2551 1643 2593 si-
