1889 2863
172 2293 268 2335 Im.

838 129 1010 183 (28)

299 200 486 245 pernes,
525 187 572 233 &
602 188 753 232 omnia
783 200 903 230 corn-

306 253 447 306 parari
471 267 485 300 ;
513 251 588 292 sed
619 249 777 291 dicunt
797 262 900 290 cum

301 313 345 354 S.
366 312 454 353 Th.
478 310 521 353 lo
538 311 616 353 cit.
646 310 900 365 pecuniam,

308 371 355 415 &
394 371 576 425 ali-aquae
597 370 743 412 mutui
764 383 901 411 mate·

298 435 360 476 ria
381 443 485 473 sunt
500 430 662 474 sterilia
675 444 780 474 esse,
801 430 906 484 quia

297 492 472 534 utilitas
492 521 504 539 ‚
536 488 581 532 8<
601 490 905 540 commodum,

295 552 419 608 quod
455 568 507 592 ex
537 563 618 592 usu
651 551 806 591 harum
842 564 905 591 re-

295 627 399 656 rum
439 612 640 653 homines
661 621 905 664 reportant,

299 687 391 715 non
424 672 669 726 percipitur
688 670 810 713 salva
837 683 903 711 ea-

299 747 399 776 rum
420 733 664 773 substantia
687 747 699 780 ;
720 730 804 771 hcc
820 742 902 778 est,

300 795 414 848 quin
449 793 513 832 hae
553 806 616 833 res
641 803 905 832 consuman-

296 865 370 895 tur
389 882 402 900 ‚
437 851 509 895 vel
534 851 790 893 alienentur
812 884 823 900 ,
858 862 904 894 at

296 927 403 957 vero
423 912 712 953 commodum
735 940 747 959 ‚
779 910 904 966 quod

299 989 354 1016 ex
379 985 462 1013 usu
494 972 755 1016 domorum,
788 984 902 1027 sup-

296 1031 540 1090 pellectilis
565 1061 576 1078 ‚
611 1029 657 1073 8<
714 1030 902 1073 aliorum

291 1093 508 1137 similium
535 1093 738 1132 homines
760 1105 902 1147 repor-

293 1166 394 1197 tant
415 1183 426 1201 ,
458 1164 761 1206 consequntur
781 1153 901 1196 salva

295 1227 446 1256 earum
482 1212 763 1262 substantia;
816 1212 901 1255 hoc

293 1286 360 1317 est
392 1273 502 1330 quin
528 1271 711 1319 domus,
743 1273 903 1328 supel-

293 1336 397 1381 lex,
441 1331 487 1376 δί
521 1332 606 1375 alia
645 1332 810 1375 similia
831 1333 905 1374 de-

293 1405 524 1436 struantur
542 1422 554 1439 ,
570 1389 617 1434 St
633 1392 903 1436 alienentur.

294 1456 355 1498 Et
388 1455 477 1495 haec
507 1465 574 1495 est
601 1453 713 1495 ratio
737 1482 751 1501 ,
781 1466 905 1508 qua-

298 1529 345 1557 re
373 1513 669 1555 commoditas
693 1544 707 1562 ‚
731 1526 829 1568 quae
849 1528 906 1555 ex

297 1587 379 1615 usu
400 1574 555 1615 harum
593 1587 737 1614 rerum
767 1578 907 1628 perci·

300 1635 422 1693 pitur
437 1633 575 1675 vendi
598 1644 745 1687 potest
764 1650 776 1683 ;
799 1635 904 1676 Non

298 1703 409 1736 vero
439 1694 758 1740 commoditas,
780 1691 825 1734 Sc
842 1706 903 1733 u-

305 1751 444 1796 tilitas
467 1781 482 1800 ‚
511 1765 647 1807 quam
699 1754 903 1795 homines

295 1819 600 1866 consequntur
617 1842 630 1861 ‚
651 1827 706 1854 ex
737 1825 818 1854 usu
834 1827 908 1868 pe.

297 1873 459 1918 eunice,
476 1869 521 1914 8(
540 1872 724 1914 aliarum
741 1886 903 1923 rerum,

292 1946 392 1989 quae
419 1932 567 1974 mutui
588 1933 770 1975 materia
783 1946 903 1983 sunt,

295 2007 402 2035 cum
415 2005 508 2035 non
525 1994 693 2048 possint
711 1992 824 2034 hanc
842 2007 904 2034 u-

300 2054 512 2096 tilitatem
545 2053 774 2108 percipere
790 2054 902 2108 quin

293 2114 370 2155 has
398 2126 462 2155 res
491 2123 756 2155 consumant
777 2143 790 2160 ‚
823 2113 900 2156 vel

294 2174 342 2215 in
394 2173 581 2213 aliorum
648 2173 899 2216 dominium

295 2231 562 2276 transferant
586 2263 598 2275 .

350 2291 482 2349 Quod
515 2293 550 2333 si
583 2291 743 2347 aliquis
765 2292 899 2343 dicat,

294 2351 550 2408 hujusmodi
597 2354 790 2394 rationes
819 2356 898 2394 ni-

293 2414 376 2454 mis
400 2410 582 2454 subtiles
611 2412 695 2454 sibi
727 2413 900 2464 videri;
922 2422 925 2425 ’

294 2487 378 2517 nec
401 2473 498 2518 vim
528 2485 678 2518 earum
703 2475 902 2531 percipe·

946 309 1052 354 Res.

969 384 1047 414 αι.

950 730 1043 775 Im.

949 912 1054 956 Res.

966 987 1023 1016 22
1036 1005 1046 1016 .

949 1754 1044 1798 Im.

950 1935 1056 1977 Res.

969 2009 1045 2046 23.

958 2534 1035 2584 134

1068 201 1114 231 re
1145 200 1236 243 quo
1275 196 1409 244 pacto
1432 190 1467 232 is
1487 180 1675 236 cons-In-

1069 251 1110 292 ci
1148 249 1311 303 poterit
1328 252 1346 289 ι)

1132 308 1175 350 8.
1209 310 1441 364 Scripturae
1470 315 1677 357 Auctori-

1081 380 1173 413 tate
1192 400 1204 417 ‚
1241 382 1450 424 quaeram
1483 374 1529 413 in
1556 386 1677 418 vete-

1074 433 1109 473 ri
1127 464 1141 481 ‚
1174 443 1310 484 quarn
1331 431 1377 471 in
1394 443 1512 475 novo
1526 432 1677 477 Testa-

1073 502 1228 533 mento
1267 503 1445 533 usuram
1493 504 1678 536 omnem

1072 552 1172 593 dam
1183 561 1284 597 nat,
1299 547 1345 591 &
1359 553 1565 607 prohibet
1585 565 1678 596 tan-

1072 624 1208 665 quam
1245 623 1400 654 natura
1446 627 1524 655 sua
1574 628 1678 657 rna-

1073 672 1165 714 lam
1191 699 1203 717 ‚
1235 667 1282 711 St
1329 672 1639 716 detestabilem
1661 703 1675 716 .

1120 733 1174 773 In
1202 733 1366 787 quibus
1390 731 1494 774 locis
1513 734 1680 776 veteris

1068 792 1357 835 Testamenti
1392 794 1677 848 prohibetur,

1072 850 1119 895 St
1149 853 1394 896 detestatur
1429 865 1559 894 usura
1580 857 1600 894 ἓ
1624 901 1626 903 ‚

1139 914 1192 954 In
1204 927 1305 969 cap.
1328 925 1403 954 22.
1421 913 1562 956 Exodi
1578 927 1674 957 ver.

1080 981 1155 1019 ες.
1182 975 1265 1016 :in
1283 987 1382 1028 cap.
1406 985 1482 1019 25.
1513 975 1677 1018 Leviti-

1072 1035 1111 1075 ci
1129 1047 1225 1077 ver.
1249 1046 1322 1083 35.
1346 1031 1478 1082 36.&
1500 1047 1571 1083 37.
1599 1035 1677 1077 :in

1067 1094 1232 1136 Psalm.
1254 1103 1436 1143 1454„
1458 1093 1504 1137 Sc
1522 1110 1593 1143 71.
1628 1093 1676 1137 8ζ

1070 1168 1170 1210 cap.
1194 1163 1265 1198 τό.
1295 1168 1391 1198 ver.
1414 1168 1485 1204 13.
1511 1154 1677 1199 :&22.

1069 1228 1164 1258 ver.
1223 1229 1292 1257 τε.
1319 1215 1566 1270 Εῑεεμιίεἱίε
1585 1247 1597 1263 ,
1628 1218 1676 1258 in

1069 1276 1232 1328 quibus
1264 1275 1401 1323 loeis,
1450 1278 1677 1332 presertim

1068 1335 1244 1377 Psalmo
1273 1350 1340 1384 14.
1360 1370 1373 1386 ‚
1395 1333 1441 1378 82
1467 1351 1564 1393 cap.
1603 1344 1677 1381 18.

1069 1409 1162 1439 ver.
1192 1409 1260 1445 13.
1279 1397 1526 1452 Ezequielis
1549 1427 1560 1445 ‚
1581 1412 1678 1441 ver-

1072 1455 1136 1496 bis
1152 1456 1365 1498 absolutis
1389 1486 1402 1504 ,
1450 1456 1497 1500 δί
1529 1458 1679 1499 indefi-

1068 1517 1176 1557 nitis
1193 1517 1455 1571 prohibetur
1471 1548 1483 1565 ‚
1496 1516 1542 1560 Sc
1561 1518 1679 1559 dam-

1071 1586 1204 1617 natur
1223 1578 1369 1618 omnis
1403 1591 1529 1619 usura
1548 1609 1561 1627 ,
1585 1589 1681 1620 tan·

1072 1649 1209 1690 quarn
1231 1638 1402 1679 exactio
1430 1650 1584 1680 natura
1602 1652 1679 1682 sua

1070 1694 1189 1737 mala
1206 1726 1218 1744 ‚
1253 1695 1298 1738 3(
1318 1697 1588 1740 detestabilis
1605 1729 1616 1740 .

1129 1755 1181 1796 ln
1236 1758 1395 1811 quibus
1430 1757 1536 1800 locis
1571 1760 1679 1802 novi

1068 1816 1348 1858 Testamenti
1366 1817 1618 1869 damnatur,
1633 1817 1680 1862 ἃ.

1074 1877 1336 1931 prohibetur
1365 1883 1527 1919 usura?

1131 1936 1182 1977 In
1221 1951 1321 1992 cap.
1349 1943 1391 1979 6.
1427 1939 1581 1982 Sancti
1598 1941 1683 1981 Lu-

1080 2008 1141 2037 cae
1162 2026 1175 2045 ,
1207 2010 1301 2039 ver.
1327 2005 1403 2046 35.
1435 2000 1509 2040 ubi
1555 2000 1680 2046 Jesus

1071 2056 1275 2099 Christus
1325 2059 1533 2100 omnibus
1580 2061 1681 2104 cla-

1070 2127 1197 2158 mat:
1231 2128 1438 2159 mutuum
1474 2122 1581 2162 date
1610 2122 1682 2163 ni-

1069 2175 1135 2217 hil
1151 2176 1252 2217 inde
1273 2191 1507 2233 sperantes
1530 2212 1540 2222 .
1576 2182 1683 2237 Quae

1070 2235 1208 2278 verba
1239 2249 1341 2278 cum
1359 2241 1584 2294 generalia
1607 2272 1617 2288 ‚
1635 2241 1683 2285 Sc

1075 2294 1279 2337 absoluta
1313 2309 1401 2341 sint
1434 2313 1567 2341 omne
1588 2316 1684 2344 mu-

1075 2367 1205 2398 mum
1265 2359 1684 2413 comprehendunt,

1077 2416 1352 2470 cuicumque
1402 2420 1556 2460 datum
1593 2423 1686 2470 sit,

1079 2476 1169 2522 sive
1194 2478 1416 2536 pauperi,
1448 2479 1543 2524 sive
1576 2483 1685 2526 divi-

1632 2545 1682 2590 ti,
