<?xml version="1.0" encoding="UTF-8"?>
<!DOCTYPE html PUBLIC "-//W3C//DTD XHTML 1.0 Transitional//EN"
    "http://www.w3.org/TR/xhtml1/DTD/xhtml1-transitional.dtd">
<html xmlns="http://www.w3.org/1999/xhtml" xml:lang="en" lang="en">
 <head>
  <title>
</title>
<meta http-equiv="Content-Type" content="text/html;charset=utf-8" />
  <meta name='ocr-system' content='tesseract 3.04.00' />
  <meta name='ocr-capabilities' content='ocr_page ocr_carea ocr_par ocr_line ocrx_word'/>
</head>
<body>
  <div class='ocr_page' id='page_1' title='image "./tractatusdemutuo00corruoft_0025.png"; bbox 0 0 1889 2863; ppageno 0'>
   <div class='ocr_carea' id='block_1_1' title="bbox 150 1223 250 1266">
    <p class='ocr_par' dir='ltr' id='par_1_1' title="bbox 150 1223 250 1266">
     <span class='ocr_line' id='line_1_1' title="bbox 150 1223 250 1266; baseline 0.01 -1"><span class='ocrx_word' id='word_1_1' title='bbox 150 1223 250 1266; x_wconf 69' lang='lat' dir='ltr'>inc.</span> 
     </span>
    </p>
   </div>
   <div class='ocr_carea' id='block_1_2' title="bbox 149 1343 250 1452">
    <p class='ocr_par' dir='ltr' id='par_1_2' title="bbox 149 1343 250 1452">
     <span class='ocr_line' id='line_1_2' title="bbox 149 1343 250 1386; baseline 0 0"><span class='ocrx_word' id='word_1_2' title='bbox 149 1343 250 1386; x_wconf 70' lang='lat' dir='ltr'>Rcs.</span> 
     </span>
     <span class='ocr_line' id='line_1_3' title="bbox 173 1418 242 1452; baseline 0.014 -7"><span class='ocrx_word' id='word_1_3' title='bbox 173 1418 242 1452; x_wconf 81' lang='lat'>19·</span> 
     </span>
    </p>
   </div>
   <div class='ocr_carea' id='block_1_3' title="bbox 141 2113 235 2159">
    <p class='ocr_par' dir='ltr' id='par_1_3' title="bbox 141 2113 235 2159">
     <span class='ocr_line' id='line_1_4' title="bbox 141 2113 235 2159; baseline 0.021 -2"><span class='ocrx_word' id='word_1_4' title='bbox 141 2113 235 2159; x_wconf 70' lang='lat' dir='ltr'>Iar.</span> 
     </span>
    </p>
   </div>
   <div class='ocr_carea' id='block_1_4' title="bbox 830 140 1005 193">
    <p class='ocr_par' dir='ltr' id='par_1_4' title="bbox 830 140 1005 193">
     <span class='ocr_line' id='line_1_5' title="bbox 830 140 1005 193; baseline 0 0"><span class='ocrx_word' id='word_1_5' title='bbox 830 140 1005 193; x_wconf 65' lang='grc' dir='ltr'>(Μ)</span> 
     </span>
    </p>
   </div>
   <div class='ocr_carea' id='block_1_5' title="bbox 256 197 883 2461">
    <p class='ocr_par' dir='ltr' id='par_1_5' title="bbox 269 197 883 1217">
     <span class='ocr_line' id='line_1_6' title="bbox 280 197 883 255; baseline -0.002 -11"><span class='ocrx_word' id='word_1_6' title='bbox 280 230 315 255; x_wconf 84' lang='grc'>,,</span> <span class='ocrx_word' id='word_1_7' title='bbox 348 197 518 246; x_wconf 70' lang='lat' dir='ltr'>traditae</span> <span class='ocrx_word' id='word_1_8' title='bbox 548 227 562 247; x_wconf 87' lang='lat'>‚</span> <span class='ocrx_word' id='word_1_9' title='bbox 613 209 691 254; x_wconf 86' lang='lat' dir='ltr'>pro</span> <span class='ocrx_word' id='word_1_10' title='bbox 739 202 883 243; x_wconf 82' lang='lat' dir='ltr'>tertiis</span> 
     </span>
     <span class='ocr_line' id='line_1_7' title="bbox 282 258 883 317; baseline -0.01 -12"><span class='ocrx_word' id='word_1_11' title='bbox 282 295 315 315; x_wconf 83' lang='lat'><strong>„</strong></span> <span class='ocrx_word' id='word_1_12' title='bbox 346 262 543 317; x_wconf 83' lang='lat' dir='ltr'>partibus</span> <span class='ocrx_word' id='word_1_13' title='bbox 558 258 883 313; x_wconf 73' lang='lat' dir='ltr'>aplicandaeRe-</span> 
     </span>
     <span class='ocr_line' id='line_1_8' title="bbox 280 319 881 378; baseline -0.007 -13"><span class='ocrx_word' id='word_1_14' title='bbox 280 354 312 374; x_wconf 87' lang='lat'>‚,</span> <span class='ocrx_word' id='word_1_15' title='bbox 343 324 423 378; x_wconf 72' lang='lat' dir='ltr'>giae</span> <span class='ocrx_word' id='word_1_16' title='bbox 452 321 644 362; x_wconf 75' lang='lat' dir='ltr'>camerae</span> <span class='ocrx_word' id='word_1_17' title='bbox 662 347 674 365; x_wconf 89' lang='lat'>,</span> <span class='ocrx_word' id='word_1_18' title='bbox 701 319 843 365; x_wconf 86' lang='lat' dir='ltr'>Judici</span> <span class='ocrx_word' id='word_1_19' title='bbox 867 351 881 369; x_wconf 84' lang='lat'><strong>.</strong></span> 
     </span>
     <span class='ocr_line' id='line_1_9' title="bbox 279 380 880 435; baseline 0 -13"><span class='ocrx_word' id='word_1_20' title='bbox 279 415 313 435; x_wconf 88' lang='lat'>„</span> <span class='ocrx_word' id='word_1_21' title='bbox 344 382 390 425; x_wconf 78' lang='lat' dir='ltr'>St</span> <span class='ocrx_word' id='word_1_22' title='bbox 423 380 880 434; x_wconf 76' lang='lat' dir='ltr'>denunciatori3quod</span> 
     </span>
     <span class='ocr_line' id='line_1_10' title="bbox 278 439 879 494; baseline -0.002 -11"><span class='ocrx_word' id='word_1_23' title='bbox 278 473 311 494; x_wconf 86' lang='lat'>‚‚</span> <span class='ocrx_word' id='word_1_24' title='bbox 340 444 374 483; x_wconf 90' lang='lat' dir='ltr'>si</span> <span class='ocrx_word' id='word_1_25' title='bbox 414 439 537 481; x_wconf 85' lang='lat' dir='ltr'>illam</span> <span class='ocrx_word' id='word_1_26' title='bbox 554 441 790 493; x_wconf 80' lang='lat' dir='ltr'>receperit,</span> <span class='ocrx_word' id='word_1_27' title='bbox 816 443 879 482; x_wconf 87' lang='lat' dir='ltr'>in-</span> 
     </span>
     <span class='ocr_line' id='line_1_11' title="bbox 275 501 878 555; baseline -0.002 -12"><span class='ocrx_word' id='word_1_28' title='bbox 275 532 307 552; x_wconf 87' lang='lat'>„</span> <span class='ocrx_word' id='word_1_29' title='bbox 337 501 460 543; x_wconf 76' lang='lat' dir='ltr'>cidat</span> <span class='ocrx_word' id='word_1_30' title='bbox 485 501 530 542; x_wconf 90' lang='lat' dir='ltr'>in</span> <span class='ocrx_word' id='word_1_31' title='bbox 549 512 716 555; x_wconf 66' lang='lat' dir='ltr'>paenam</span> <span class='ocrx_word' id='word_1_32' title='bbox 736 512 878 554; x_wconf 81' lang='lat' dir='ltr'>aequa-</span> 
     </span>
     <span class='ocr_line' id='line_1_12' title="bbox 277 560 880 614; baseline -0.003 -12"><span class='ocrx_word' id='word_1_33' title='bbox 277 592 307 612; x_wconf 83' lang='lat'>‚‚</span> <span class='ocrx_word' id='word_1_34' title='bbox 342 560 394 603; x_wconf 81' lang='lat' dir='ltr'>lis</span> <span class='ocrx_word' id='word_1_35' title='bbox 427 560 693 614; x_wconf 77' lang='lat' dir='ltr'>quantitatis</span> <span class='ocrx_word' id='word_1_36' title='bbox 723 561 880 604; x_wconf 84' lang='lat' dir='ltr'>eodem</span> 
     </span>
     <span class='ocr_line' id='line_1_13' title="bbox 276 617 880 674; baseline 0 -11"><span class='ocrx_word' id='word_1_37' title='bbox 276 652 307 671; x_wconf 89' lang='lat'>,‚</span> <span class='ocrx_word' id='word_1_38' title='bbox 340 621 474 663; x_wconf 86' lang='lat' dir='ltr'>modo</span> <span class='ocrx_word' id='word_1_39' title='bbox 523 617 793 674; x_wconf 78' lang='lat' dir='ltr'>aplicandae3</span> <span class='ocrx_word' id='word_1_40' title='bbox 833 619 880 663; x_wconf 70' lang='lat' dir='ltr'>St</span> 
     </span>
     <span class='ocr_line' id='line_1_14' title="bbox 274 678 880 737; baseline 0 -15"><span class='ocrx_word' id='word_1_41' title='bbox 274 711 306 731; x_wconf 84' lang='lat'>„</span> <span class='ocrx_word' id='word_1_42' title='bbox 338 682 462 737; x_wconf 90' lang='lat' dir='ltr'>quod</span> <span class='ocrx_word' id='word_1_43' title='bbox 500 678 652 721; x_wconf 85' lang='lat' dir='ltr'>nullus</span> <span class='ocrx_word' id='word_1_44' title='bbox 695 681 754 722; x_wconf 88' lang='lat' dir='ltr'>sit</span> <span class='ocrx_word' id='word_1_45' title='bbox 778 709 790 728; x_wconf 93' lang='lat'><strong>‚</strong></span> <span class='ocrx_word' id='word_1_46' title='bbox 833 679 880 724; x_wconf 72' lang='lat'>8&lt;</span> 
     </span>
     <span class='ocr_line' id='line_1_15' title="bbox 274 737 876 791; baseline 0.002 -10"><span class='ocrx_word' id='word_1_47' title='bbox 274 771 307 791; x_wconf 86' lang='lat'>‚‚</span> <span class='ocrx_word' id='word_1_48' title='bbox 342 741 476 784; x_wconf 84' lang='lat' dir='ltr'>nullis</span> <span class='ocrx_word' id='word_1_49' title='bbox 499 739 657 783; x_wconf 81' lang='lat' dir='ltr'>valoris</span> <span class='ocrx_word' id='word_1_50' title='bbox 677 769 689 787; x_wconf 92' lang='lat'>,</span> <span class='ocrx_word' id='word_1_51' title='bbox 712 737 757 781; x_wconf 74' lang='lat' dir='ltr'>Sc</span> <span class='ocrx_word' id='word_1_52' title='bbox 789 740 876 783; x_wconf 85' lang='lat' dir='ltr'>efe-</span> 
     </span>
     <span class='ocr_line' id='line_1_16' title="bbox 271 798 875 855; baseline 0 -12"><span class='ocrx_word' id='word_1_53' title='bbox 271 831 308 851; x_wconf 85' lang='lat'>‚‚</span> <span class='ocrx_word' id='word_1_54' title='bbox 337 813 435 845; x_wconf 85' lang='lat' dir='ltr'>ctus</span> <span class='ocrx_word' id='word_1_55' title='bbox 473 798 665 855; x_wconf 85' lang='lat' dir='ltr'>quilibet</span> <span class='ocrx_word' id='word_1_56' title='bbox 701 810 875 843; x_wconf 74' lang='lat' dir='ltr'>contra-</span> 
     </span>
     <span class='ocr_line' id='line_1_17' title="bbox 272 860 874 914; baseline 0.002 -11"><span class='ocrx_word' id='word_1_57' title='bbox 272 891 305 911; x_wconf 78' lang='lat'><strong>„</strong></span> <span class='ocrx_word' id='word_1_58' title='bbox 336 874 434 905; x_wconf 86' lang='lat' dir='ltr'>ctus</span> <span class='ocrx_word' id='word_1_59' title='bbox 454 870 607 902; x_wconf 86' lang='lat' dir='ltr'>contra</span> <span class='ocrx_word' id='word_1_60' title='bbox 623 860 874 914; x_wconf 85' lang='lat' dir='ltr'>supradicta</span> 
     </span>
     <span class='ocr_line' id='line_1_18' title="bbox 271 920 873 976; baseline -0.003 -11"><span class='ocrx_word' id='word_1_61' title='bbox 271 951 302 970; x_wconf 89' lang='lat'>„</span> <span class='ocrx_word' id='word_1_62' title='bbox 334 923 470 964; x_wconf 83' lang='lat' dir='ltr'>initus</span> <span class='ocrx_word' id='word_1_63' title='bbox 495 951 507 967; x_wconf 83' lang='lat'><strong>‚</strong></span> <span class='ocrx_word' id='word_1_64' title='bbox 536 923 597 961; x_wconf 86' lang='lat' dir='ltr'>ita</span> <span class='ocrx_word' id='word_1_65' title='bbox 644 930 696 961; x_wconf 87' lang='lat' dir='ltr'>ut</span> <span class='ocrx_word' id='word_1_66' title='bbox 734 920 873 976; x_wconf 87' lang='lat' dir='ltr'>impo-</span> 
     </span>
     <span class='ocr_line' id='line_1_19' title="bbox 269 978 873 1031; baseline -0.012 -7"><span class='ocrx_word' id='word_1_67' title='bbox 269 1011 303 1031; x_wconf 89' lang='lat'>‚‚</span> <span class='ocrx_word' id='word_1_68' title='bbox 332 994 495 1026; x_wconf 88' lang='lat' dir='ltr'>sterum</span> <span class='ocrx_word' id='word_1_69' title='bbox 511 978 676 1021; x_wconf 86' lang='lat' dir='ltr'>nullius</span> <span class='ocrx_word' id='word_1_70' title='bbox 713 980 873 1023; x_wconf 64' lang='grc' dir='ltr'><strong><em>εἶενπ-</em></strong></span> 
     </span>
     <span class='ocr_line' id='line_1_20' title="bbox 269 1039 872 1091; baseline -0.002 -8"><span class='ocrx_word' id='word_1_71' title='bbox 269 1071 302 1091; x_wconf 72' lang='grc'>,,</span> <span class='ocrx_word' id='word_1_72' title='bbox 334 1042 450 1089; x_wconf 81' lang='lat' dir='ltr'>loris,</span> <span class='ocrx_word' id='word_1_73' title='bbox 470 1054 552 1082; x_wconf 83' lang='lat' dir='ltr'>nec</span> <span class='ocrx_word' id='word_1_74' title='bbox 567 1039 619 1080; x_wconf 81' lang='lat' dir='ltr'>acl</span> <span class='ocrx_word' id='word_1_75' title='bbox 638 1052 766 1080; x_wconf 78' lang='lat' dir='ltr'>usum</span> <span class='ocrx_word' id='word_1_76' title='bbox 803 1042 872 1082; x_wconf 88' lang='lat' dir='ltr'>de-</span> 
     </span>
     <span class='ocr_line' id='line_1_21' title="bbox 273 1101 870 1154; baseline 0 -10"><span class='ocrx_word' id='word_1_77' title='bbox 273 1131 302 1151; x_wconf 93' lang='lat'>,‚</span> <span class='ocrx_word' id='word_1_78' title='bbox 336 1102 434 1144; x_wconf 90' lang='lat' dir='ltr'>duci</span> <span class='ocrx_word' id='word_1_79' title='bbox 455 1101 606 1144; x_wconf 84' lang='lat' dir='ltr'>valeat</span> <span class='ocrx_word' id='word_1_80' title='bbox 623 1101 702 1141; x_wconf 91' lang='lat' dir='ltr'>sub</span> <span class='ocrx_word' id='word_1_81' title='bbox 721 1101 870 1154; x_wconf 77' lang='lat' dir='ltr'>praedi-</span> 
     </span>
     <span class='ocr_line' id='line_1_22' title="bbox 272 1161 598 1217; baseline -0.012 -12"><span class='ocrx_word' id='word_1_82' title='bbox 272 1191 302 1212; x_wconf 88' lang='lat'><strong>„</strong></span> <span class='ocrx_word' id='word_1_83' title='bbox 333 1164 415 1205; x_wconf 89' lang='lat' dir='ltr'>ctis</span> <span class='ocrx_word' id='word_1_84' title='bbox 436 1161 568 1217; x_wconf 83' lang='lat' dir='ltr'>paenis</span> <span class='ocrx_word' id='word_1_85' title='bbox 588 1190 598 1201; x_wconf 88' lang='lat'>.</span> 
     </span>
    </p>

    <p class='ocr_par' dir='ltr' id='par_1_6' title="bbox 268 1220 865 1335">
     <span class='ocr_line' id='line_1_23' title="bbox 326 1220 865 1266; baseline -0.006 0"><span class='ocrx_word' id='word_1_86' title='bbox 326 1225 406 1266; x_wconf 76' lang='lat' dir='ltr'>Est</span> <span class='ocrx_word' id='word_1_87' title='bbox 433 1235 488 1264; x_wconf 87' lang='lat' dir='ltr'>ne</span> <span class='ocrx_word' id='word_1_88' title='bbox 521 1221 609 1262; x_wconf 85' lang='lat' dir='ltr'>haec</span> <span class='ocrx_word' id='word_1_89' title='bbox 653 1220 723 1263; x_wconf 81' lang='lat' dir='ltr'>lex</span> <span class='ocrx_word' id='word_1_90' title='bbox 753 1220 865 1264; x_wconf 87' lang='lat' dir='ltr'>forte</span> 
     </span>
     <span class='ocr_line' id='line_1_24' title="bbox 268 1282 864 1335; baseline -0.007 -10"><span class='ocrx_word' id='word_1_91' title='bbox 268 1292 471 1328; x_wconf 80' lang='lat' dir='ltr'>revocata</span> <span class='ocrx_word' id='word_1_92' title='bbox 490 1311 502 1330; x_wconf 85' lang='lat'>‚</span> <span class='ocrx_word' id='word_1_93' title='bbox 526 1293 602 1323; x_wconf 81' lang='lat' dir='ltr'>aut</span> <span class='ocrx_word' id='word_1_94' title='bbox 616 1282 864 1335; x_wconf 83' lang='lat' dir='ltr'>antiquata.</span> 
     </span>
    </p>

    <p class='ocr_par' dir='ltr' id='par_1_7' title="bbox 257 1341 870 2101">
     <span class='ocr_line' id='line_1_25' title="bbox 332 1341 866 1396; baseline 0 -13"><span class='ocrx_word' id='word_1_95' title='bbox 332 1342 470 1388; x_wconf 86' lang='lat' dir='ltr'>Nullo</span> <span class='ocrx_word' id='word_1_96' title='bbox 503 1342 632 1383; x_wconf 88' lang='lat' dir='ltr'>modo</span> <span class='ocrx_word' id='word_1_97' title='bbox 653 1358 666 1390; x_wconf 88' lang='grc'>;</span> <span class='ocrx_word' id='word_1_98' title='bbox 688 1341 760 1382; x_wconf 82' lang='lat' dir='ltr'>sed</span> <span class='ocrx_word' id='word_1_99' title='bbox 774 1356 866 1396; x_wconf 87' lang='lat' dir='ltr'>per-</span> 
     </span>
     <span class='ocr_line' id='line_1_26' title="bbox 274 1399 867 1448; baseline -0.005 -2"><span class='ocrx_word' id='word_1_100' title='bbox 274 1413 447 1446; x_wconf 83' lang='lat' dir='ltr'>severat</span> <span class='ocrx_word' id='word_1_101' title='bbox 483 1403 528 1443; x_wconf 85' lang='lat' dir='ltr'>in</span> <span class='ocrx_word' id='word_1_102' title='bbox 557 1414 633 1442; x_wconf 87' lang='lat' dir='ltr'>suo</span> <span class='ocrx_word' id='word_1_103' title='bbox 651 1399 867 1448; x_wconf 79' lang='lat' dir='ltr'>robore,&amp;</span> 
     </span>
     <span class='ocr_line' id='line_1_27' title="bbox 262 1462 865 1521; baseline -0.01 -14"><span class='ocrx_word' id='word_1_104' title='bbox 262 1465 417 1521; x_wconf 81' lang='lat' dir='ltr'>vigore</span> <span class='ocrx_word' id='word_1_105' title='bbox 456 1493 469 1504; x_wconf 86' lang='lat'><strong>.</strong></span> <span class='ocrx_word' id='word_1_106' title='bbox 531 1462 581 1503; x_wconf 82' lang='lat' dir='ltr'>ln</span> <span class='ocrx_word' id='word_1_107' title='bbox 634 1462 865 1503; x_wconf 83' lang='lat' dir='ltr'>recentiori</span> 
     </span>
     <span class='ocr_line' id='line_1_28' title="bbox 266 1522 870 1579; baseline -0.005 -15"><span class='ocrx_word' id='word_1_108' title='bbox 266 1527 387 1566; x_wconf 87' lang='lat' dir='ltr'>enim</span> <span class='ocrx_word' id='word_1_109' title='bbox 430 1523 580 1579; x_wconf 81' lang='lat' dir='ltr'>legum</span> <span class='ocrx_word' id='word_1_110' title='bbox 620 1532 743 1563; x_wconf 74' lang='lat' dir='ltr'>novae</span> <span class='ocrx_word' id='word_1_111' title='bbox 779 1522 870 1563; x_wconf 90' lang='lat' dir='ltr'>col-</span> 
     </span>
     <span class='ocr_line' id='line_1_29' title="bbox 264 1581 865 1625; baseline 0.002 -2"><span class='ocrx_word' id='word_1_112' title='bbox 264 1583 469 1625; x_wconf 83' lang='lat' dir='ltr'>lectionis</span> <span class='ocrx_word' id='word_1_113' title='bbox 514 1581 711 1623; x_wconf 75' lang='lat' dir='ltr'>editione</span> <span class='ocrx_word' id='word_1_114' title='bbox 759 1583 865 1624; x_wconf 86' lang='lat' dir='ltr'>anni</span> 
     </span>
     <span class='ocr_line' id='line_1_30' title="bbox 271 1641 866 1694; baseline -0.002 -11"><span class='ocrx_word' id='word_1_115' title='bbox 271 1654 403 1690; x_wconf 79' lang='lat'><em>1772.</em></span> <span class='ocrx_word' id='word_1_116' title='bbox 445 1642 532 1682; x_wconf 60' lang='lat' dir='ltr'>haec</span> <span class='ocrx_word' id='word_1_117' title='bbox 564 1641 636 1682; x_wconf 80' lang='lat' dir='ltr'>lex</span> <span class='ocrx_word' id='word_1_118' title='bbox 653 1643 866 1694; x_wconf 75' lang='lat' dir='ltr'>reperitur</span> 
     </span>
     <span class='ocr_line' id='line_1_31' title="bbox 262 1700 866 1756; baseline 0.002 -14"><span class='ocrx_word' id='word_1_119' title='bbox 262 1700 642 1756; x_wconf 76' lang='lat' dir='ltr'>quemadmodum</span> <span class='ocrx_word' id='word_1_120' title='bbox 666 1701 710 1741; x_wconf 87' lang='lat' dir='ltr'>in</span> <span class='ocrx_word' id='word_1_121' title='bbox 747 1712 866 1743; x_wconf 83' lang='lat' dir='ltr'>ante·</span> 
     </span>
     <span class='ocr_line' id='line_1_32' title="bbox 263 1760 864 1812; baseline -0.003 -9"><span class='ocrx_word' id='word_1_122' title='bbox 263 1761 448 1803; x_wconf 81' lang='lat' dir='ltr'>rioribus</span> <span class='ocrx_word' id='word_1_123' title='bbox 494 1760 864 1812; x_wconf 73' lang='lat' dir='ltr'>collectionibus;</span> 
     </span>
     <span class='ocr_line' id='line_1_33' title="bbox 263 1819 863 1875; baseline 0 -14"><span class='ocrx_word' id='word_1_124' title='bbox 263 1820 531 1875; x_wconf 87' lang='lat' dir='ltr'>nullumque</span> <span class='ocrx_word' id='word_1_125' title='bbox 593 1819 816 1861; x_wconf 83' lang='lat' dir='ltr'>decretum</span> <span class='ocrx_word' id='word_1_126' title='bbox 849 1851 863 1869; x_wconf 88' lang='lat'>,</span> 
     </span>
     <span class='ocr_line' id='line_1_34' title="bbox 262 1879 863 1935; baseline 0.005 -15"><span class='ocrx_word' id='word_1_127' title='bbox 262 1893 346 1922; x_wconf 77' lang='lat' dir='ltr'>nec</span> <span class='ocrx_word' id='word_1_128' title='bbox 379 1879 463 1922; x_wconf 86' lang='lat' dir='ltr'>alia</span> <span class='ocrx_word' id='word_1_129' title='bbox 496 1880 773 1935; x_wconf 86' lang='lat' dir='ltr'>providentia</span> <span class='ocrx_word' id='word_1_130' title='bbox 817 1882 863 1924; x_wconf 84' lang='lat' dir='ltr'>in</span> 
     </span>
     <span class='ocr_line' id='line_1_35' title="bbox 257 1940 863 1996; baseline 0 -15"><span class='ocrx_word' id='word_1_131' title='bbox 257 1952 309 1981; x_wconf 86' lang='lat' dir='ltr'>ea</span> <span class='ocrx_word' id='word_1_132' title='bbox 340 1940 531 1996; x_wconf 85' lang='lat' dir='ltr'>legitur,</span> <span class='ocrx_word' id='word_1_133' title='bbox 561 1953 656 1994; x_wconf 87' lang='lat' dir='ltr'>quae</span> <span class='ocrx_word' id='word_1_134' title='bbox 692 1940 863 1995; x_wconf 88' lang='lat' dir='ltr'>aliquid</span> 
     </span>
     <span class='ocr_line' id='line_1_36' title="bbox 261 1998 864 2057; baseline 0.003 -17"><span class='ocrx_word' id='word_1_135' title='bbox 261 2011 417 2043; x_wconf 83' lang='lat' dir='ltr'>contra</span> <span class='ocrx_word' id='word_1_136' title='bbox 449 1998 694 2055; x_wconf 75' lang='lat' dir='ltr'>supradicta</span> <span class='ocrx_word' id='word_1_137' title='bbox 722 2000 864 2057; x_wconf 88' lang='lat' dir='ltr'>dispo-</span> 
     </span>
     <span class='ocr_line' id='line_1_37' title="bbox 265 2070 375 2101; baseline 0.009 -1"><span class='ocrx_word' id='word_1_138' title='bbox 265 2070 375 2101; x_wconf 83' lang='lat' dir='ltr'>nat.</span> 
     </span>
    </p>

    <p class='ocr_par' dir='ltr' id='par_1_8' title="bbox 256 2120 864 2461">
     <span class='ocr_line' id='line_1_38' title="bbox 298 2120 862 2176; baseline 0.014 -19"><span class='ocrx_word' id='word_1_139' title='bbox 298 2120 465 2176; x_wconf 89' lang='lat' dir='ltr'>Quibus</span> <span class='ocrx_word' id='word_1_140' title='bbox 483 2120 726 2163; x_wconf 84' lang='lat' dir='ltr'>rationibus</span> <span class='ocrx_word' id='word_1_141' title='bbox 740 2122 862 2165; x_wconf 85' lang='lat' dir='ltr'>evin·</span> 
     </span>
     <span class='ocr_line' id='line_1_39' title="bbox 261 2178 864 2233; baseline 0.008 -16"><span class='ocrx_word' id='word_1_142' title='bbox 261 2178 301 2217; x_wconf 84' lang='lat' dir='ltr'>ci</span> <span class='ocrx_word' id='word_1_143' title='bbox 350 2191 495 2233; x_wconf 85' lang='lat' dir='ltr'>potest</span> <span class='ocrx_word' id='word_1_144' title='bbox 537 2193 711 2222; x_wconf 81' lang='lat' dir='ltr'>usuram</span> <span class='ocrx_word' id='word_1_145' title='bbox 736 2210 748 2228; x_wconf 83' lang='lat'>,</span> <span class='ocrx_word' id='word_1_146' title='bbox 785 2195 864 2224; x_wconf 86' lang='lat' dir='ltr'>seu</span> 
     </span>
     <span class='ocr_line' id='line_1_40' title="bbox 259 2235 863 2292; baseline 0.008 -15"><span class='ocrx_word' id='word_1_147' title='bbox 259 2235 433 2278; x_wconf 84' lang='lat' dir='ltr'>lucrum</span> <span class='ocrx_word' id='word_1_148' title='bbox 464 2253 518 2280; x_wconf 78' lang='lat' dir='ltr'>ex</span> <span class='ocrx_word' id='word_1_149' title='bbox 545 2242 731 2292; x_wconf 82' lang='lat' dir='ltr'>pecunia</span> <span class='ocrx_word' id='word_1_150' title='bbox 766 2254 863 2282; x_wconf 88' lang='lat' dir='ltr'>mu-</span> 
     </span>
     <span class='ocr_line' id='line_1_41' title="bbox 260 2297 861 2349; baseline 0.005 -11"><span class='ocrx_word' id='word_1_151' title='bbox 260 2306 340 2338; x_wconf 82' lang='lat' dir='ltr'>tuo</span> <span class='ocrx_word' id='word_1_152' title='bbox 375 2297 476 2340; x_wconf 82' lang='lat' dir='ltr'>data</span> <span class='ocrx_word' id='word_1_153' title='bbox 521 2302 861 2349; x_wconf 78' lang='lat' dir='ltr'>mercatoribus,</span> 
     </span>
     <span class='ocr_line' id='line_1_42' title="bbox 262 2357 861 2412; baseline 0.012 -16"><span class='ocrx_word' id='word_1_154' title='bbox 262 2357 340 2408; x_wconf 87' lang='lat' dir='ltr'>qui</span> <span class='ocrx_word' id='word_1_155' title='bbox 386 2358 539 2399; x_wconf 83' lang='lat' dir='ltr'>eadam</span> <span class='ocrx_word' id='word_1_156' title='bbox 579 2359 765 2412; x_wconf 81' lang='lat' dir='ltr'>pecunia</span> <span class='ocrx_word' id='word_1_157' title='bbox 805 2360 861 2403; x_wconf 74' lang='lat' dir='ltr'>ad</span> 
     </span>
     <span class='ocr_line' id='line_1_43' title="bbox 256 2417 862 2461; baseline 0.008 -5"><span class='ocrx_word' id='word_1_158' title='bbox 256 2429 388 2457; x_wconf 81' lang='lat' dir='ltr'>suurn</span> <span class='ocrx_word' id='word_1_159' title='bbox 413 2417 701 2459; x_wconf 89' lang='lat' dir='ltr'>commodum</span> <span class='ocrx_word' id='word_1_160' title='bbox 729 2429 862 2461; x_wconf 86' lang='lat' dir='ltr'>utun-</span> 
     </span>
    </p>
   </div>
   <div class='ocr_carea' id='block_1_6' title="bbox 254 2480 860 2537">
    <p class='ocr_par' dir='ltr' id='par_1_9' title="bbox 254 2480 860 2537">
     <span class='ocr_line' id='line_1_44' title="bbox 254 2480 860 2537; baseline 0.005 -16"><span class='ocrx_word' id='word_1_161' title='bbox 254 2484 330 2521; x_wconf 78' lang='lat' dir='ltr'>tur</span> <span class='ocrx_word' id='word_1_162' title='bbox 343 2505 354 2526; x_wconf 92' lang='lat'>‚</span> <span class='ocrx_word' id='word_1_163' title='bbox 385 2490 473 2523; x_wconf 83' lang='lat' dir='ltr'>esse</span> <span class='ocrx_word' id='word_1_164' title='bbox 489 2490 582 2526; x_wconf 80' lang='lat' dir='ltr'>tem</span> <span class='ocrx_word' id='word_1_165' title='bbox 603 2491 647 2524; x_wconf 78' lang='lat' dir='ltr'>se</span> <span class='ocrx_word' id='word_1_166' title='bbox 675 2480 770 2537; x_wconf 79' lang='lat' dir='ltr'>ipsa</span> <span class='ocrx_word' id='word_1_167' title='bbox 791 2480 860 2524; x_wconf 86' lang='lat' dir='ltr'>de·</span> 
     </span>
    </p>
   </div>
   <div class='ocr_carea' id='block_1_7' title="bbox 1052 199 1662 377">
    <p class='ocr_par' dir='ltr' id='par_1_10' title="bbox 1052 199 1662 377">
     <span class='ocr_line' id='line_1_45' title="bbox 1055 199 1662 261; baseline 0.008 -19"><span class='ocrx_word' id='word_1_168' title='bbox 1055 199 1306 244; x_wconf 84' lang='lat' dir='ltr'>testabilem</span> <span class='ocrx_word' id='word_1_169' title='bbox 1326 204 1514 259; x_wconf 43' lang='lat' dir='ltr'>‚Wtque</span> <span class='ocrx_word' id='word_1_170' title='bbox 1531 205 1662 261; x_wconf 79' lang='lat' dir='ltr'>justi.</span> 
     </span>
     <span class='ocr_line' id='line_1_46' title="bbox 1058 263 1658 318; baseline 0.015 -14"><span class='ocrx_word' id='word_1_171' title='bbox 1058 263 1130 304; x_wconf 74' lang='grc' dir='ltr'>τίει</span> <span class='ocrx_word' id='word_1_172' title='bbox 1149 293 1160 309; x_wconf 86' lang='grc'>,</span> <span class='ocrx_word' id='word_1_173' title='bbox 1195 274 1414 318; x_wconf 76' lang='lat' dir='ltr'>rectaeque</span> <span class='ocrx_word' id='word_1_174' title='bbox 1433 269 1593 310; x_wconf 82' lang='lat' dir='ltr'>rationi</span> <span class='ocrx_word' id='word_1_175' title='bbox 1610 284 1658 312; x_wconf 88' lang='lat' dir='ltr'>o·</span> 
     </span>
     <span class='ocr_line' id='line_1_47' title="bbox 1052 324 1282 377; baseline 0.009 -15"><span class='ocrx_word' id='word_1_176' title='bbox 1052 324 1245 377; x_wconf 75' lang='lat' dir='ltr'>positam</span> <span class='ocrx_word' id='word_1_177' title='bbox 1263 325 1282 363; x_wconf 68' lang='grc' dir='ltr'><strong><em>ἓ</em></strong></span> 
     </span>
    </p>
   </div>
   <div class='ocr_carea' id='block_1_8' title="bbox 930 381 1655 502">
    <p class='ocr_par' dir='ltr' id='par_1_11' title="bbox 930 381 1655 502">
     <span class='ocr_line' id='line_1_48' title="bbox 930 381 1655 431; baseline 0 -7"><span class='ocrx_word' id='word_1_178' title='bbox 930 381 1036 425; x_wconf 80' lang='lat' dir='ltr'>Res.</span> <span class='ocrx_word' id='word_1_179' title='bbox 1068 383 1412 428; x_wconf 79' lang='lat' dir='ltr'>Cathechismus</span> <span class='ocrx_word' id='word_1_180' title='bbox 1429 385 1655 431; x_wconf 79' lang='lat' dir='ltr'>Tridenti-</span> 
     </span>
     <span class='ocr_line' id='line_1_49' title="bbox 934 442 1655 502; baseline 0.01 -18"><span class='ocrx_word' id='word_1_181' title='bbox 934 455 1011 488; x_wconf 74' lang='lat'>20.</span> <span class='ocrx_word' id='word_1_182' title='bbox 1044 455 1127 484; x_wconf 73' lang='lat' dir='ltr'>nus</span> <span class='ocrx_word' id='word_1_183' title='bbox 1141 443 1253 486; x_wconf 83' lang='lat' dir='ltr'>hanc</span> <span class='ocrx_word' id='word_1_184' title='bbox 1267 442 1655 502; x_wconf 68' lang='lat' dir='ltr'>tradinQuoniczrn</span> 
     </span>
    </p>
   </div>
   <div class='ocr_carea' id='block_1_9' title="bbox 1031 503 1653 1756">
    <p class='ocr_par' dir='ltr' id='par_1_12' title="bbox 1031 503 1653 1756">
     <span class='ocr_line' id='line_1_50' title="bbox 1048 503 1653 559; baseline 0.003 -16"><span class='ocrx_word' id='word_1_185' title='bbox 1048 503 1199 557; x_wconf 76' lang='lat' dir='ltr'>inquit</span> <span class='ocrx_word' id='word_1_186' title='bbox 1225 534 1236 550; x_wconf 93' lang='lat'><strong>‚</strong></span> <span class='ocrx_word' id='word_1_187' title='bbox 1272 505 1350 557; x_wconf 82' lang='lat' dir='ltr'>qui</span> <span class='ocrx_word' id='word_1_188' title='bbox 1385 503 1653 559; x_wconf 73' lang='lat' dir='ltr'>faeneran-</span> 
     </span>
     <span class='ocr_line' id='line_1_51' title="bbox 1048 563 1652 617; baseline 0.012 -15"><span class='ocrx_word' id='word_1_189' title='bbox 1048 575 1121 603; x_wconf 84' lang='lat' dir='ltr'>tur</span> <span class='ocrx_word' id='word_1_190' title='bbox 1157 563 1225 604; x_wconf 79' lang='lat' dir='ltr'>his</span> <span class='ocrx_word' id='word_1_191' title='bbox 1265 564 1377 604; x_wconf 79' lang='lat' dir='ltr'>idem</span> <span class='ocrx_word' id='word_1_192' title='bbox 1419 569 1652 617; x_wconf 76' lang='lat' dir='ltr'>vendunt,</span> 
     </span>
     <span class='ocr_line' id='line_1_52' title="bbox 1047 624 1652 671; baseline 0.012 -7"><span class='ocrx_word' id='word_1_193' title='bbox 1047 634 1134 664; x_wconf 78' lang='lat' dir='ltr'>aut</span> <span class='ocrx_word' id='word_1_194' title='bbox 1172 624 1218 665; x_wconf 80' lang='lat' dir='ltr'>id</span> <span class='ocrx_word' id='word_1_195' title='bbox 1236 624 1438 665; x_wconf 63' lang='lat' dir='ltr'>vendunt</span> <span class='ocrx_word' id='word_1_196' title='bbox 1451 627 1574 669; x_wconf 83' lang='lat' dir='ltr'>addit</span> <span class='ocrx_word' id='word_1_197' title='bbox 1593 628 1652 671; x_wconf 82' lang='lat' dir='ltr'>D.</span> 
     </span>
     <span class='ocr_line' id='line_1_53' title="bbox 1049 683 1652 741; baseline 0.013 -19"><span class='ocrx_word' id='word_1_198' title='bbox 1049 683 1097 724; x_wconf 89' lang='lat' dir='ltr'>h.</span> <span class='ocrx_word' id='word_1_199' title='bbox 1118 696 1163 726; x_wconf 89' lang='lat'>2.</span> <span class='ocrx_word' id='word_1_200' title='bbox 1186 696 1230 724; x_wconf 86' lang='lat'>2.</span> <span class='ocrx_word' id='word_1_201' title='bbox 1248 685 1374 738; x_wconf 84' lang='lat' dir='ltr'>q.78.</span> <span class='ocrx_word' id='word_1_202' title='bbox 1392 699 1430 726; x_wconf 84' lang='lat' dir='ltr'>a.</span> <span class='ocrx_word' id='word_1_203' title='bbox 1457 701 1496 728; x_wconf 84' lang='lat'>1.</span> <span class='ocrx_word' id='word_1_204' title='bbox 1529 688 1652 741; x_wconf 79' lang='lat' dir='ltr'>quod</span> 
     </span>
     <span class='ocr_line' id='line_1_54' title="bbox 1045 744 1651 790; baseline 0 -7"><span class='ocrx_word' id='word_1_205' title='bbox 1045 754 1138 785; x_wconf 81' lang='lat' dir='ltr'>non</span> <span class='ocrx_word' id='word_1_206' title='bbox 1166 754 1254 784; x_wconf 78' lang='lat' dir='ltr'>est:</span> <span class='ocrx_word' id='word_1_207' title='bbox 1288 744 1359 786; x_wconf 87' lang='lat' dir='ltr'>vel</span> <span class='ocrx_word' id='word_1_208' title='bbox 1396 747 1516 787; x_wconf 86' lang='lat' dir='ltr'>enim</span> <span class='ocrx_word' id='word_1_209' title='bbox 1548 750 1651 790; x_wconf 80' lang='lat' dir='ltr'>exi..</span> 
     </span>
     <span class='ocr_line' id='line_1_55' title="bbox 1041 803 1651 858; baseline 0.011 -16"><span class='ocrx_word' id='word_1_210' title='bbox 1041 814 1159 858; x_wconf 78' lang='lat' dir='ltr'>gunt</span> <span class='ocrx_word' id='word_1_211' title='bbox 1180 803 1350 845; x_wconf 76' lang='lat' dir='ltr'>lucrum</span> <span class='ocrx_word' id='word_1_212' title='bbox 1373 807 1544 848; x_wconf 82' lang='lat' dir='ltr'>ratione</span> <span class='ocrx_word' id='word_1_213' title='bbox 1565 821 1651 849; x_wconf 87' lang='lat' dir='ltr'>sor-</span> 
     </span>
     <span class='ocr_line' id='line_1_56' title="bbox 1045 864 1648 923; baseline 0.008 -18"><span class='ocrx_word' id='word_1_214' title='bbox 1045 865 1100 905; x_wconf 81' lang='lat' dir='ltr'>tis</span> <span class='ocrx_word' id='word_1_215' title='bbox 1123 893 1135 911; x_wconf 89' lang='lat'>,</span> <span class='ocrx_word' id='word_1_216' title='bbox 1161 864 1239 906; x_wconf 90' lang='lat' dir='ltr'>vel</span> <span class='ocrx_word' id='word_1_217' title='bbox 1258 865 1429 907; x_wconf 86' lang='lat' dir='ltr'>ratione</span> <span class='ocrx_word' id='word_1_218' title='bbox 1457 877 1557 908; x_wconf 86' lang='lat' dir='ltr'>usus</span> <span class='ocrx_word' id='word_1_219' title='bbox 1586 868 1648 923; x_wconf 86' lang='lat' dir='ltr'>ip·</span> 
     </span>
     <span class='ocr_line' id='line_1_57' title="bbox 1048 925 1648 979; baseline 0.01 -16"><span class='ocrx_word' id='word_1_220' title='bbox 1048 925 1138 964; x_wconf 84' lang='lat' dir='ltr'>sius</span> <span class='ocrx_word' id='word_1_221' title='bbox 1173 925 1298 966; x_wconf 81' lang='lat' dir='ltr'>sortis</span> <span class='ocrx_word' id='word_1_222' title='bbox 1317 955 1328 972; x_wconf 88' lang='lat'>‚</span> <span class='ocrx_word' id='word_1_223' title='bbox 1355 937 1442 979; x_wconf 85' lang='lat' dir='ltr'>quo</span> <span class='ocrx_word' id='word_1_224' title='bbox 1470 939 1648 969; x_wconf 84' lang='lat' dir='ltr'>mutua-</span> 
     </span>
     <span class='ocr_line' id='line_1_58' title="bbox 1042 984 1650 1039; baseline 0.005 -13"><span class='ocrx_word' id='word_1_225' title='bbox 1042 984 1178 1026; x_wconf 82' lang='lat' dir='ltr'>tarius</span> <span class='ocrx_word' id='word_1_226' title='bbox 1196 994 1354 1026; x_wconf 85' lang='lat' dir='ltr'>sortem</span> <span class='ocrx_word' id='word_1_227' title='bbox 1373 986 1512 1039; x_wconf 77' lang='lat' dir='ltr'>ipsam</span> <span class='ocrx_word' id='word_1_228' title='bbox 1530 987 1650 1029; x_wconf 86' lang='lat' dir='ltr'>utili-</span> 
     </span>
     <span class='ocr_line' id='line_1_59' title="bbox 1042 1043 1648 1099; baseline 0.007 -14"><span class='ocrx_word' id='word_1_229' title='bbox 1042 1053 1108 1085; x_wconf 88' lang='lat' dir='ltr'>ter</span> <span class='ocrx_word' id='word_1_230' title='bbox 1127 1043 1423 1098; x_wconf 77' lang='lat' dir='ltr'>impenditzsi</span> <span class='ocrx_word' id='word_1_231' title='bbox 1448 1047 1648 1099; x_wconf 79' lang='lat' dir='ltr'>primurn</span> 
     </span>
     <span class='ocr_line' id='line_1_60' title="bbox 1036 1104 1649 1160; baseline 0.002 -16"><span class='ocrx_word' id='word_1_232' title='bbox 1036 1104 1232 1157; x_wconf 79' lang='lat' dir='ltr'>exigitur</span> <span class='ocrx_word' id='word_1_233' title='bbox 1248 1104 1410 1159; x_wconf 84' lang='lat' dir='ltr'>duplex</span> <span class='ocrx_word' id='word_1_234' title='bbox 1426 1119 1649 1160; x_wconf 81' lang='lat' dir='ltr'>compen-</span> 
     </span>
     <span class='ocr_line' id='line_1_61' title="bbox 1036 1165 1647 1222; baseline 0.01 -19"><span class='ocrx_word' id='word_1_235' title='bbox 1036 1166 1148 1205; x_wconf 77' lang='lat' dir='ltr'>satio</span> <span class='ocrx_word' id='word_1_236' title='bbox 1171 1177 1247 1217; x_wconf 78' lang='lat' dir='ltr'>pro</span> <span class='ocrx_word' id='word_1_237' title='bbox 1281 1176 1368 1206; x_wconf 78' lang='lat' dir='ltr'>una</span> <span class='ocrx_word' id='word_1_238' title='bbox 1402 1165 1647 1222; x_wconf 79' lang='lat' dir='ltr'>eademque</span> 
     </span>
     <span class='ocr_line' id='line_1_62' title="bbox 1035 1234 1645 1277; baseline 0.007 -14"><span class='ocrx_word' id='word_1_239' title='bbox 1035 1234 1292 1277; x_wconf 73' lang='lat' dir='ltr'>quantitate</span> <span class='ocrx_word' id='word_1_240' title='bbox 1337 1236 1491 1267; x_wconf 79' lang='lat' dir='ltr'>contra</span> <span class='ocrx_word' id='word_1_241' title='bbox 1538 1240 1645 1269; x_wconf 83' lang='lat' dir='ltr'>om·-</span> 
     </span>
     <span class='ocr_line' id='line_1_63' title="bbox 1036 1282 1644 1343; baseline 0.008 -20"><span class='ocrx_word' id='word_1_242' title='bbox 1036 1297 1113 1324; x_wconf 78' lang='lat' dir='ltr'>nes</span> <span class='ocrx_word' id='word_1_243' title='bbox 1144 1282 1322 1331; x_wconf 66' lang='lat' dir='ltr'>iustitiae</span> <span class='ocrx_word' id='word_1_244' title='bbox 1339 1284 1573 1343; x_wconf 50' lang='lat' dir='ltr'>legesque</span> <span class='ocrx_word' id='word_1_245' title='bbox 1593 1301 1644 1328; x_wconf 76' lang='lat' dir='ltr'>ae-</span> 
     </span>
     <span class='ocr_line' id='line_1_64' title="bbox 1037 1342 1643 1396; baseline 0.002 -13"><span class='ocrx_word' id='word_1_246' title='bbox 1037 1342 1306 1396; x_wconf 78' lang='lat' dir='ltr'>qualitatem</span> <span class='ocrx_word' id='word_1_247' title='bbox 1325 1346 1370 1385; x_wconf 83' lang='lat' dir='ltr'>in</span> <span class='ocrx_word' id='word_1_248' title='bbox 1391 1348 1643 1390; x_wconf 81' lang='lat' dir='ltr'>contracti-</span> 
     </span>
     <span class='ocr_line' id='line_1_65' title="bbox 1037 1404 1641 1459; baseline 0.01 -16"><span class='ocrx_word' id='word_1_249' title='bbox 1037 1404 1116 1444; x_wconf 80' lang='lat' dir='ltr'>bus</span> <span class='ocrx_word' id='word_1_250' title='bbox 1139 1405 1426 1459; x_wconf 67' lang='lat' dir='ltr'>praescribunt</span> <span class='ocrx_word' id='word_1_251' title='bbox 1442 1425 1453 1447; x_wconf 72' lang='grc' dir='ltr'>ι</span> <span class='ocrx_word' id='word_1_252' title='bbox 1488 1407 1641 1449; x_wconf 83' lang='lat' dir='ltr'>decem</span> 
     </span>
     <span class='ocr_line' id='line_1_66' title="bbox 1036 1464 1641 1509; baseline 0.01 -6"><span class='ocrx_word' id='word_1_253' title='bbox 1036 1464 1158 1504; x_wconf 84' lang='lat' dir='ltr'>enirn</span> <span class='ocrx_word' id='word_1_254' title='bbox 1186 1476 1344 1506; x_wconf 87' lang='lat' dir='ltr'>mutuo</span> <span class='ocrx_word' id='word_1_255' title='bbox 1363 1465 1523 1507; x_wconf 81' lang='lat' dir='ltr'>tradita</span> <span class='ocrx_word' id='word_1_256' title='bbox 1545 1468 1641 1509; x_wconf 75' lang='lat' dir='ltr'>aliis</span> 
     </span>
     <span class='ocr_line' id='line_1_67' title="bbox 1033 1523 1639 1580; baseline 0.008 -17"><span class='ocrx_word' id='word_1_257' title='bbox 1033 1523 1189 1564; x_wconf 85' lang='lat' dir='ltr'>decern</span> <span class='ocrx_word' id='word_1_258' title='bbox 1227 1524 1411 1566; x_wconf 75' lang='lat' dir='ltr'>redditis</span> <span class='ocrx_word' id='word_1_259' title='bbox 1444 1527 1639 1580; x_wconf 79' lang='lat' dir='ltr'>perfecte</span> 
     </span>
     <span class='ocr_line' id='line_1_68' title="bbox 1032 1583 1639 1640; baseline 0.01 -17"><span class='ocrx_word' id='word_1_260' title='bbox 1032 1594 1392 1638; x_wconf 78' lang='lat' dir='ltr'>compensantur,</span> <span class='ocrx_word' id='word_1_261' title='bbox 1414 1583 1459 1626; x_wconf 70' lang='grc' dir='ltr'>δί</span> <span class='ocrx_word' id='word_1_262' title='bbox 1476 1586 1509 1626; x_wconf 83' lang='lat' dir='ltr'>si</span> <span class='ocrx_word' id='word_1_263' title='bbox 1530 1586 1639 1640; x_wconf 83' lang='lat' dir='ltr'>quid</span> 
     </span>
     <span class='ocr_line' id='line_1_69' title="bbox 1037 1644 1640 1699; baseline 0.007 -15"><span class='ocrx_word' id='word_1_264' title='bbox 1037 1644 1227 1691; x_wconf 77' lang='lat' dir='ltr'>amplius</span> <span class='ocrx_word' id='word_1_265' title='bbox 1263 1645 1454 1699; x_wconf 84' lang='lat' dir='ltr'>exigitur</span> <span class='ocrx_word' id='word_1_266' title='bbox 1475 1675 1486 1692; x_wconf 88' lang='lat'>,</span> <span class='ocrx_word' id='word_1_267' title='bbox 1512 1647 1640 1699; x_wconf 83' lang='lat' dir='ltr'>quid-</span> 
     </span>
     <span class='ocr_line' id='line_1_70' title="bbox 1031 1703 1639 1756; baseline 0.01 -14"><span class='ocrx_word' id='word_1_268' title='bbox 1031 1705 1144 1756; x_wconf 85' lang='lat' dir='ltr'>quid</span> <span class='ocrx_word' id='word_1_269' title='bbox 1183 1703 1296 1745; x_wconf 73' lang='lat' dir='ltr'>illud</span> <span class='ocrx_word' id='word_1_270' title='bbox 1323 1707 1381 1746; x_wconf 80' lang='lat' dir='ltr'>sit</span> <span class='ocrx_word' id='word_1_271' title='bbox 1399 1734 1411 1752; x_wconf 92' lang='lat'>‚</span> <span class='ocrx_word' id='word_1_272' title='bbox 1439 1707 1534 1748; x_wconf 85' lang='lat' dir='ltr'>sive</span> <span class='ocrx_word' id='word_1_273' title='bbox 1549 1720 1639 1748; x_wconf 83' lang='lat' dir='ltr'>ma·</span> 
     </span>
    </p>
   </div>
   <div class='ocr_carea' id='block_1_10' title="bbox 976 1761 1639 1820">
    <p class='ocr_par' dir='ltr' id='par_1_13' title="bbox 976 1761 1639 1820">
     <span class='ocr_line' id='line_1_71' title="bbox 976 1761 1639 1820; baseline 0.011 -19"><span class='ocrx_word' id='word_1_274' title='bbox 976 1761 983 1766; x_wconf 84' lang='lat'>&#39;</span> <span class='ocrx_word' id='word_1_275' title='bbox 1033 1777 1173 1820; x_wconf 72' lang='lat' dir='ltr'>gnum</span> <span class='ocrx_word' id='word_1_276' title='bbox 1197 1793 1208 1810; x_wconf 91' lang='lat'>‚</span> <span class='ocrx_word' id='word_1_277' title='bbox 1227 1764 1316 1806; x_wconf 75' lang='lat' dir='ltr'>siv-e</span> <span class='ocrx_word' id='word_1_278' title='bbox 1334 1778 1520 1819; x_wconf 80' lang='lat' dir='ltr'>parvum</span> <span class='ocrx_word' id='word_1_279' title='bbox 1535 1780 1639 1808; x_wconf 80' lang='lat' dir='ltr'>con·</span> 
     </span>
    </p>
   </div>
   <div class='ocr_carea' id='block_1_11' title="bbox 1025 1821 1637 2479">
    <p class='ocr_par' dir='ltr' id='par_1_14' title="bbox 1025 1821 1637 2479">
     <span class='ocr_line' id='line_1_72' title="bbox 1036 1821 1637 1881; baseline 0.008 -17"><span class='ocrx_word' id='word_1_280' title='bbox 1036 1833 1097 1864; x_wconf 81' lang='lat' dir='ltr'>tra</span> <span class='ocrx_word' id='word_1_281' title='bbox 1129 1821 1346 1871; x_wconf 77' lang='lat' dir='ltr'>iustitiam</span> <span class='ocrx_word' id='word_1_282' title='bbox 1378 1825 1496 1881; x_wconf 78' lang='lat' dir='ltr'>exigi</span> <span class='ocrx_word' id='word_1_283' title='bbox 1543 1840 1637 1869; x_wconf 85' lang='lat' dir='ltr'>ma·</span> 
     </span>
     <span class='ocr_line' id='line_1_73' title="bbox 1031 1882 1636 1934; baseline 0.01 -13"><span class='ocrx_word' id='word_1_284' title='bbox 1031 1882 1243 1924; x_wconf 76' lang='lat' dir='ltr'>nifestum</span> <span class='ocrx_word' id='word_1_285' title='bbox 1282 1895 1345 1925; x_wconf 69' lang='lat' dir='ltr'>es(</span> <span class='ocrx_word' id='word_1_286' title='bbox 1370 1902 1383 1934; x_wconf 89' lang='lat'>;</span> <span class='ocrx_word' id='word_1_287' title='bbox 1406 1886 1442 1925; x_wconf 79' lang='lat' dir='ltr'>si</span> <span class='ocrx_word' id='word_1_288' title='bbox 1482 1898 1636 1927; x_wconf 86' lang='lat' dir='ltr'>secun·</span> 
     </span>
     <span class='ocr_line' id='line_1_74' title="bbox 1026 1940 1635 1988; baseline 0.011 -7"><span class='ocrx_word' id='word_1_289' title='bbox 1026 1940 1134 1982; x_wconf 56' lang='lat' dir='ltr'>duvn</span> <span class='ocrx_word' id='word_1_290' title='bbox 1145 1943 1303 1985; x_wconf 70' lang='lat' dir='ltr'>vendit</span> <span class='ocrx_word' id='word_1_291' title='bbox 1318 1956 1523 1986; x_wconf 81' lang='lat' dir='ltr'>mutuans</span> <span class='ocrx_word' id='word_1_292' title='bbox 1536 1960 1635 1988; x_wconf 77' lang='lat' dir='ltr'>ean-</span> 
     </span>
     <span class='ocr_line' id='line_1_75' title="bbox 1028 2001 1634 2051; baseline 0.017 -10"><span class='ocrx_word' id='word_1_293' title='bbox 1028 2001 1132 2043; x_wconf 84' lang='lat' dir='ltr'>dem</span> <span class='ocrx_word' id='word_1_294' title='bbox 1158 2017 1249 2044; x_wconf 86' lang='lat' dir='ltr'>rem</span> <span class='ocrx_word' id='word_1_295' title='bbox 1277 2003 1339 2044; x_wconf 80' lang='lat' dir='ltr'>bis</span> <span class='ocrx_word' id='word_1_296' title='bbox 1371 2005 1444 2045; x_wconf 87' lang='lat' dir='ltr'>vel</span> <span class='ocrx_word' id='word_1_297' title='bbox 1475 2007 1634 2051; x_wconf 82' lang='lat' dir='ltr'>vendit</span> 
     </span>
     <span class='ocr_line' id='line_1_76' title="bbox 1029 2061 1633 2116; baseline 0.01 -14"><span class='ocrx_word' id='word_1_298' title='bbox 1029 2061 1076 2102; x_wconf 86' lang='lat' dir='ltr'>id</span> <span class='ocrx_word' id='word_1_299' title='bbox 1094 2063 1212 2116; x_wconf 86' lang='lat' dir='ltr'>quod</span> <span class='ocrx_word' id='word_1_300' title='bbox 1231 2076 1320 2104; x_wconf 84' lang='lat' dir='ltr'>non</span> <span class='ocrx_word' id='word_1_301' title='bbox 1336 2065 1484 2107; x_wconf 71' lang='lat' dir='ltr'>existit</span> <span class='ocrx_word' id='word_1_302' title='bbox 1499 2095 1512 2113; x_wconf 81' lang='lat'><em>‚</em></span> <span class='ocrx_word' id='word_1_303' title='bbox 1526 2078 1633 2108; x_wconf 86' lang='lat' dir='ltr'>curn</span> 
     </span>
     <span class='ocr_line' id='line_1_77' title="bbox 1030 2124 1631 2178; baseline 0.008 -17"><span class='ocrx_word' id='word_1_304' title='bbox 1030 2124 1150 2163; x_wconf 82' lang='lat' dir='ltr'>enim</span> <span class='ocrx_word' id='word_1_305' title='bbox 1186 2135 1251 2163; x_wconf 76' lang='lat' dir='ltr'>res</span> <span class='ocrx_word' id='word_1_306' title='bbox 1275 2153 1287 2169; x_wconf 82' lang='grc'><em>,</em></span> <span class='ocrx_word' id='word_1_307' title='bbox 1317 2137 1414 2178; x_wconf 80' lang='lat' dir='ltr'>quae</span> <span class='ocrx_word' id='word_1_308' title='bbox 1427 2136 1530 2167; x_wconf 82' lang='lat' dir='ltr'>sunt</span> <span class='ocrx_word' id='word_1_309' title='bbox 1553 2127 1631 2166; x_wconf 80' lang='lat' dir='ltr'>hu-</span> 
     </span>
     <span class='ocr_line' id='line_1_78' title="bbox 1031 2179 1631 2235; baseline 0.012 -15"><span class='ocrx_word' id='word_1_310' title='bbox 1031 2179 1102 2235; x_wconf 81' lang='lat' dir='ltr'>jus</span> <span class='ocrx_word' id='word_1_311' title='bbox 1130 2195 1383 2226; x_wconf 81' lang='lat' dir='ltr'>contractus</span> <span class='ocrx_word' id='word_1_312' title='bbox 1414 2188 1631 2234; x_wconf 78' lang='lat' dir='ltr'>materia,</span> 
     </span>
     <span class='ocr_line' id='line_1_79' title="bbox 1027 2242 1627 2297; baseline 0.003 -16"><span class='ocrx_word' id='word_1_313' title='bbox 1027 2242 1097 2283; x_wconf 78' lang='lat' dir='ltr'>uti</span> <span class='ocrx_word' id='word_1_314' title='bbox 1147 2245 1368 2297; x_wconf 84' lang='lat' dir='ltr'>pecunia,</span> <span class='ocrx_word' id='word_1_315' title='bbox 1432 2245 1627 2294; x_wconf 80' lang='lat' dir='ltr'>vinnm,</span> 
     </span>
     <span class='ocr_line' id='line_1_80' title="bbox 1027 2301 1628 2351; baseline 0.007 -8"><span class='ocrx_word' id='word_1_316' title='bbox 1027 2302 1227 2343; x_wconf 80' lang='lat' dir='ltr'>tri-ticum</span> <span class='ocrx_word' id='word_1_317' title='bbox 1251 2332 1262 2351; x_wconf 91' lang='lat'>,</span> <span class='ocrx_word' id='word_1_318' title='bbox 1297 2301 1384 2345; x_wconf 56' lang='lat' dir='ltr'>&amp;a</span> <span class='ocrx_word' id='word_1_319' title='bbox 1403 2304 1456 2344; x_wconf 86' lang='lat' dir='ltr'>ad</span> <span class='ocrx_word' id='word_1_320' title='bbox 1497 2317 1628 2347; x_wconf 56' lang='lat' dir='ltr'>usum</span> 
     </span>
     <span class='ocr_line' id='line_1_81' title="bbox 1029 2361 1629 2405; baseline 0.008 -5"><span class='ocrx_word' id='word_1_321' title='bbox 1029 2361 1176 2402; x_wconf 84' lang='lat' dir='ltr'>reduci</span> <span class='ocrx_word' id='word_1_322' title='bbox 1212 2374 1302 2403; x_wconf 80' lang='lat' dir='ltr'>non</span> <span class='ocrx_word' id='word_1_323' title='bbox 1331 2361 1514 2405; x_wconf 79' lang='lat' dir='ltr'>valeant</span> <span class='ocrx_word' id='word_1_324' title='bbox 1550 2365 1629 2405; x_wconf 81' lang='lat' dir='ltr'>sal·</span> 
     </span>
     <span class='ocr_line' id='line_1_82' title="bbox 1025 2423 1627 2479; baseline 0.007 -17"><span class='ocrx_word' id='word_1_325' title='bbox 1025 2433 1083 2462; x_wconf 81' lang='lat' dir='ltr'>va</span> <span class='ocrx_word' id='word_1_326' title='bbox 1104 2433 1254 2462; x_wconf 85' lang='lat' dir='ltr'>earum</span> <span class='ocrx_word' id='word_1_327' title='bbox 1284 2423 1529 2465; x_wconf 71' lang='lat' dir='ltr'>substantia</span> <span class='ocrx_word' id='word_1_328' title='bbox 1548 2439 1627 2479; x_wconf 87' lang='lat' dir='ltr'>pro</span> 
     </span>
    </p>
   </div>
   <div class='ocr_carea' id='block_1_12' title="bbox 911 2481 1629 2594">
    <p class='ocr_par' dir='ltr' id='par_1_15' title="bbox 911 2481 1629 2594">
     <span class='ocr_line' id='line_1_83' title="bbox 911 2481 1629 2583; baseline 0.008 -63"><span class='ocrx_word' id='word_1_329' title='bbox 911 2537 946 2583; x_wconf 76' lang='grc' dir='ltr'><strong>Β</strong></span> <span class='ocrx_word' id='word_1_330' title='bbox 985 2506 987 2508; x_wconf 94' lang='grc'>-</span> <span class='ocrx_word' id='word_1_331' title='bbox 1023 2491 1078 2525; x_wconf 86' lang='lat' dir='ltr'>ut</span> <span class='ocrx_word' id='word_1_332' title='bbox 1117 2481 1291 2526; x_wconf 82' lang='lat' dir='ltr'>utimur</span> <span class='ocrx_word' id='word_1_333' title='bbox 1317 2483 1552 2532; x_wconf 79' lang='lat' dir='ltr'>domibus,</span> <span class='ocrx_word' id='word_1_334' title='bbox 1587 2499 1629 2526; x_wconf 81' lang='lat' dir='ltr'>e-</span> 
     </span>
     <span class='ocr_line' id='line_1_84' title="bbox 976 2551 1003 2594; baseline 0 0"><span class='ocrx_word' id='word_1_335' title='bbox 976 2551 1003 2594; x_wconf 74' lang='lat'>3</span> 
     </span>
    </p>
   </div>
   <div class='ocr_carea' id='block_1_13' title="bbox 1479 2544 1627 2602">
    <p class='ocr_par' dir='ltr' id='par_1_16' title="bbox 1479 2544 1627 2602">
     <span class='ocr_line' id='line_1_85' title="bbox 1479 2544 1627 2602; baseline -0.014 -15"><span class='ocrx_word' id='word_1_336' title='bbox 1479 2544 1591 2602; x_wconf 69' lang='lat' dir='ltr'>¹quis</span> <span class='ocrx_word' id='word_1_337' title='bbox 1612 2573 1627 2594; x_wconf 60' lang='lat'><em>2</em></span> 
     </span>
    </p>
   </div>
  </div>
 </body>
</html>
