1889 2863
535 144 569 202 l
805 167 976 220 (μ)

246 239 378 270 nemo
410 235 561 284 potest
585 227 747 275 furarI,
795 239 850 271 ut

245 304 299 331 ex
331 289 457 331 furtis
490 288 642 336 vivat,
673 288 754 329 nisi
774 302 848 328 es-

245 360 314 391 set
348 349 392 389 in
427 359 624 390 extrema
649 349 849 389 necessi-

247 420 340 451 tate
371 409 642 450 constitutus
660 437 673 453 .,
689 409 750 450 ita
775 421 856 450 nec

232 462 237 468 ⁴
255 480 404 524 potest
423 479 570 508 usuras
588 469 760 522 exigere
773 498 784 515 ,
805 479 858 510 ut
902 464 998 509 Int.

248 543 305 571 ex
322 529 426 583 ipsis
437 529 566 570 vivat
583 556 596 573 ,
626 525 671 568 St
691 541 859 570 susten-

253 598 374 630 tetur
391 617 402 628 .
420 586 612 628 usurarii
632 584 721 635 inm
749 601 860 630 tem-

245 662 352 704 pore
389 647 434 688 S.
472 645 714 704 Augustini
744 647 857 689 hanc

246 707 584 751 excusationem
621 708 859 750 affirmant

251 768 307 808 ad
343 780 472 808 suum
499 765 714 809 delictum
737 769 857 809 obte-

246 829 484 884 gendum;
516 826 591 867 sed
626 841 727 868 ecce
750 841 856 882 quo-

245 888 379 931 modo
405 890 590 930 Sanctus
624 889 855 928 Doctori-

233 949 321 1005 psis
343 946 693 1004 respondebatin
707 961 850 990 enarr.

245 1011 293 1050 in
312 1010 475 1051 psalm.
495 1008 596 1051 228.
613 1038 643 1056 ‚,
663 1006 851 1052 Aud‘ent

247 1099 276 1117 „
308 1072 430 1111 enim
473 1070 751 1111 feneratores
774 1070 849 1110 di-

238 1160 268 1178 „
301 1143 398 1171 cere
418 1130 612 1184 [inquit]
637 1142 728 1170 non
760 1130 848 1170 ha·-

234 1220 262 1239 7,
297 1191 377 1231 beo
397 1190 518 1231 aliud
535 1191 654 1233 unde
672 1192 843 1233 vivam.

236 1281 264 1299 5,
301 1251 398 1292 Hoc
418 1252 534 1293 mihi
555 1281 567 1299 ,
585 1248 630 1292 &
654 1249 764 1293 latro
783 1251 844 1290 di-

233 1341 260 1359 „
296 1323 414 1353 cei-et
445 1310 746 1367 deprehensus
794 1311 842 1351 in

235 1400 264 1420 v
295 1371 448 1412 fraude
467 1402 481 1420 ,
522 1373 603 1412 hoc
629 1381 675 1412 et
722 1367 845 1412 effra-

232 1461 260 1479 „
292 1443 386 1474 ctor
406 1461 419 1480 ,
446 1432 614 1473 diceret
631 1461 643 1479 ,
677 1430 844 1486 depre-

232 1522 262 1539 ᾖ,
296 1491 456 1533 hensus
492 1490 603 1534 cirea
623 1492 838 1546 parietem
887 1487 994 1531 Res.

231 1581 260 1599 2,
293 1551 489 1594 alienum
512 1583 526 1601 ,
575 1552 657 1593 hoc
695 1552 840 1601 mihi,

237 1641 264 1660 ‚‚
297 1608 343 1652 &
370 1611 472 1653 leno
494 1612 662 1653 diceret
684 1625 838 1654 emens

233 1702 264 1720 „
299 1672 469 1726 puellas
489 1671 544 1712 ad
565 1672 840 1727 prostitutio-

232 1761 262 1779 „
297 1745 401 1772 nem
423 1761 436 1779 ‚
459 1731 539 1772 hoc
582 1743 628 1775 et
680 1731 840 1773 malefi-

232 1821 261 1839 „
293 1804 370 1832 cus
409 1791 640 1833 incantans
687 1792 802 1834 mala
825 1822 838 1841 ,

231 1881 259 1900 7,
292 1849 338 1892 ἃ
375 1853 575 1894 vendens
614 1851 836 1894 malitiam

227 1941 258 1959 7,
287 1922 410 1953 suam
430 1941 445 1959 ‚
493 1912 712 1967 quidquid
747 1912 837 1955 tale

227 2000 257 2019 ‚,
292 1970 522 2025 prohibere
558 1985 835 2021 conaremur,

229 2059 258 2078 2,
290 2032 606 2086 responderent
648 2046 834 2082 omne3‚

229 2117 259 2137 .‚‚
291 2093 394 2143 quia
428 2105 517 2133 non
532 2093 837 2135 haberentun-

230 2178 261 2198 ,‚
295 2150 348 2190 de
381 2151 610 2200 viverent,
644 2155 747 2207 quia
770 2154 838 2196 in·

228 2238 257 2256 ‚,
289 2207 344 2250 de
370 2224 414 2251 se
436 2224 663 2264 pascerent
685 2231 695 2254 :
714 2215 837 2268 quasi

230 2298 259 2317 ‚,
286 2282 383 2321 ¹[ron
422 2270 504 2311 hoc
538 2273 680 2325 ipsum
703 2273 749 2314 in
788 2273 836 2314 il-

229 2358 258 2376 „
285 2322 345 2369 'ns
358 2331 836 2387 maximepuniendum

232 2417 260 2435 ‚‚
292 2400 390 2437 est,
429 2391 534 2445 quia
574 2403 712 2434 artem
750 2406 842 2435 ne·-

226 2477 255 2496 ‚,
289 2449 440 2502 quitiae
472 2451 707 2510 elegerunt
736 2465 832 2494 un·-

230 2536 263 2558 ‚‚
293 2511 349 2552 de
391 2510 537 2556 vitam
574 2513 840 2574 affingant,

1015 256 1043 275 ‚‚
1077 221 1123 266 ἃ
1156 224 1262 268 inde
1296 239 1347 268 se
1373 228 1538 273 volunt
1555 243 1626 282 pa-

1015 316 1044 335 „
1074 300 1192 329 scere
1231 287 1349 329 unde
1396 289 1628 332 offendant

1023 376 1051 395 „
1083 361 1184 388 eum
1208 377 1221 395 ,
1238 363 1259 388 a
1278 360 1366 403 quo
1383 362 1537 392 omnes
1555 364 1630 404 pa-

1022 437 1050 456 „
1082 419 1296 448 scuutur.

1062 466 1217 510 Innoc.
1249 467 1326 509 ΙΙΙ.
1367 470 1412 510 in
1444 469 1558 527 Cap.
1584 492 1627 526 7,

1024 526 1079 567 de
1115 529 1252 570 donat
1289 529 1410 571 intcr
1451 533 1629 588 virum,

1025 584 1072 628 &
1101 600 1282 630 uxorem
1335 593 1534 646 praecipit
1577 609 1631 641 ut

1024 647 1154 696 viro,
1200 661 1280 691 etsi
1336 651 1388 690 ad
1429 653 1630 709 inopiam

1020 711 1226 764 vergenti
1286 708 1363 750 dos
1412 718 1626 766 promissa

1024 770 1271 823 assignetur
1316 770 1397 809 sub
1432 787 1481 813 ea
1517 790 1630 818 cau-

1025 831 1148 869 tione
1179 859 1191 876 ‚
1240 843 1373 883 quam
1428 846 1629 886 praestare

1023 889 1189 942 possit,
1219 891 1468 932 velsa‘tem
1495 897 1628 938 alicui

1023 951 1254 992 mercatori
1299 955 1542 1005 commiti,
1575 967 1629 1000 ut

1021 1007 1075 1048 de
1108 1020 1236 1062 parte
1283 1009 1461 1054 honesti
1516 1018 1628 1059 tucri

1017 1066 1161 1109 dictus
1192 1071 1261 1113 vir
1323 1075 1460 1126 possit
1492 1090 1627 1119 onera

1014 1131 1294 1173 matrimonii
1344 1144 1622 1179 sustentare:

1015 1202 1119 1245 ergo
1151 1188 1196 1231 ὃ(
1244 1191 1392 1233 viduis
1442 1193 1624 1238 licitum

1012 1251 1098 1290 erit
1132 1250 1187 1290 ad
1225 1264 1355 1292 suam
1389 1267 1624 1298 sustenta-

1013 1310 1182 1351 tionem
1240 1311 1344 1353 dare
1386 1319 1623 1368 pecuniam

1013 1369 1067 1410 ad
1096 1369 1270 1413 lucrum
1310 1371 1444 1416 alicui
1497 1391 1623 1420 mer-

1010 1432 1180 1473 catori.

1076 1490 1412 1548 Consequentia
1433 1497 1523 1538 haec
1544 1499 1621 1540 fal-

910 1554 984 1591 82.
1004 1563 1048 1590 sa
1086 1556 1276 1595 omnino
1310 1566 1375 1597 est
1394 1585 1405 1603 ,
1426 1559 1530 1611 quia
1551 1559 1622 1599 In-

1008 1624 1110 1654 noc.
1155 1615 1234 1655 111.
1268 1616 1314 1656 in
1359 1617 1444 1658 isto
1468 1621 1620 1673 capite

1007 1672 1197 1716 minime
1247 1677 1397 1718 asserit
1430 1708 1444 1725 ‚
1494 1678 1617 1733 quod

1007 1745 1226 1777 mercator
1262 1737 1481 1790 recipiens
1529 1739 1617 1782 do-

1008 1800 1101 1835 tem
1148 1798 1449 1853 negotiationi
1516 1813 1618 1841 eam

1005 1865 1203 1908 exponat
1222 1867 1301 1897 suo
1338 1860 1511 1913 proprio
1546 1873 1622 1915 pe·

1004 1915 1147 1956 riculo
1167 1946 1179 1964 ,
1209 1929 1385 1959 securos
1416 1919 1616 1961 redden-

1005 1973 1062 2016 do
1091 1975 1145 2017 de
1173 1988 1290 2019 sorte
1334 1990 1611 2033 recuperan-

1003 2033 1056 2074 da
1070 2064 1082 2082 ‚
1098 2037 1177 2090 qui
1199 2049 1298 2079 eam
1317 2037 1615 2092 tradiderunt:

1006 2108 1089 2135 nec
1127 2097 1265 2139 etiam
1287 2099 1439 2140 asserit
1460 2127 1472 2146 ,
1489 2101 1614 2154 quoa

1004 2155 1109 2209 ipsis
1146 2157 1386 2211 promittat
1437 2171 1613 2201 certum

1005 2227 1211 2257 annuum
1229 2216 1400 2259 lucrum
1419 2247 1432 2266 ,
1461 2232 1614 2273 quam-

1007 2274 1086 2316 diu
1107 2288 1195 2318 sors
1225 2277 1346 2332 apud
1370 2290 1416 2319 se
1446 2293 1613 2322 mane-

1012 2334 1110 2385 bit;
1143 2336 1236 2378 imo
1283 2338 1435 2392 potius
1479 2342 1612 2384 verba

1008 2394 1238 2437 pontificis
1318 2399 1561 2442 ostendunt
1599 2431 1612 2448 ‚

1004 2455 1130 2508 quod
1179 2467 1395 2499 mereator
1460 2459 1611 2501 dotem

1008 2515 1308 2575 negotiationi
1328 2528 1522 2575 exponet
1535 2534 1614 2575 pe-

1538 2593 1609 2621 11-
